4013 6298
1160 1700 967 136 AU SERENNISSIME,

997 1831 1308 189 TRES-PVISSANT

1549 2057 173 115 E T

814 2183 1644 131 TRES-VICTORIEVX PRINCE

572 2340 2117 210 FREDERICH-HENRY

651 2519 2059 141 Par la grace de Dieu PRINCE D’ORANGE , Comte de

651 2650 2054 136 Naſſau, Catzenelleboghen, Vianden, Dietz, Lingen, Mœurs,

656 2755 2043 157 Tonnerre, Pont-Yevre, Charny, Bueren, Leerdam, &c.

661 2902 2049 121 Marquis de la Vere & de Fleſſingues. Seigneur & Baron de

651 3002 2059 152 Breda, de la Ville de Grave & Pays de Cuyck, Dieſt, Grim¬

661 3149 2049 141 berghes, Herflal, Cranendonck, VVarnefton, Harlay, No¬

656 3274 2043 126 ſeroy, Argueil, Chaſteau-belin, Chaſteau-guyon, Orbe,

661 3400 2049 126 Grignon, Mont-faucon, Rougemont, Rollencourt, les

661 3516 2044 136 Baux, S. Vyt, Daesbourg, Polanen, Willemſladt, Niervaert,

672 3631 2027 153 Yſelſteyn, S.Maertenfdijcq, Geertruydenberchg, Chaſleau¬

667 3757 2032 158 Renard, les hautes & baſſes Swalues, Naelduycq, Gravefan¬

661 3873 2023 147 de, &c. Vicomte hereditaire d’Anvers & de Beſançon , &c.

672 3993 2045 153 Marechal heredicaire d’Hollande. Gouverneur, Admiral &

672 4119 1460 163 General des Provinces-Vnies des Pays-bas.

705 4361 741 752 M

1486 4282 977 184 ONSEIGNEVR

1596 4697 1109 136 La vaillance qui vour eſt au¬

1502 4833 1213 168 tant naturelle que la lumiere au

1485 4975 1220 173 Soleil & la chaleur au feu, vous

646 5138 2038 183 a juſtement acquis les tiltres de Conquerant &

1775 5274 209 173 ) ( 3

2577 5285 117 178 de
