4059 6244
1295 920 2087 146 de Forceur de Villes. Ceſte Reyne des vertus

1300 1051 2072 176 n eſt pas la ſeule qui accompagne le Chariot Triom¬

1295 1201 2077 188 phal de voſtre gloire. La moderation ,bien que qua¬

1300 1358 2072 171 Iité mal-accordante avec les grandeurs du monde, y

1300 1524 2077 161 Tient des premiers rangs. Les faits autant admirables

1300 1680 2066 177 qu'inimitables de Voſtre Alteſſe en publient la re¬

1306 1836 2066 172 nommée par tout, & ceſte Hiſtoire comme le plus ſo¬

1306 1987 2071 187 lemnel Regiſtre de vos belliqueuſes actions, en certifie

1306 2143 2076 167 La verité aux ſiecles à venir. Elle vous repreſente la

1311 2310 2071 166 Naiſſance & l'Origine de voſtre Eſtat Souverain, la

1300 2487 2082 130 ſucceẞion naturelle de trente ſix Princes dans quatre

1316 2622 2066 177 grandes Maiſons, par une ſuite continuée de plus de

1306 2773 2081 187 huict ſiecles portée juſques à vous, avec la deſcription

1316 2960 2076 146 de leurs vies & de leurſ gestes. Et ſi Voſtre Alteſſe

1306 3106 2076 161 y deigne jetter les yeux, elle y verra des teſmoignages

1311 3252 2081 150 authentiques de l’ancienneté d’iceluy , des marques non

1321 3418 2061 146 communes de ſa Souberaineté, à l’eſpreuve de toutes

1316 3553 2076 182 ler attaintes de la haine & de la violence. Pluſieurs

1321 3709 2066 198 grands Princes y paroiſſent avec les quallités d’une

1326 3876 2061 193 grandeur Royale; & la Majesté Imperiale qui e re¬

1326 4037 2066 156 luy parmy ceux de voſtre nom & de vostre ſang, n’y re¬

1321 4214 2071 162 fuſe rien au merite de pluſieurs de vos Illustres De¬

1332 4349 2066 157 vanciers. Les plus impetueux fleuves cedent à leur cou¬

1326 4500 2072 177 rage, les Royaumes & les Provinces à la valeur de

1332 4656 2066 177 leurs armes , Rome meſme l'Emperiere de l’Univers

1326 4818 2066 182 indomptable par tant de ſiecles ſe voit ſubjuguée par

1332 4979 2060 198 leur vertu guerriere ; & ceste ſourcilleuſe Puiſſance

2929 5146 469 223 d'Eſpaigne
