4059 6244
1873 645 911 203 Advertiſſement.

1269 796 2077 182 ſont les principaux objects qui mont convié à par¬

1274 936 630 167 Ier des autres.

1368 1061 1998 255 De tout cela j'en faicts quatre Parties, qui toutes

1269 1248 2092 203 commencent par une Genealogie expoſée par Elo¬

1274 1394 2098 203 ges, de tous ceux qui ont eſté du ſang des grandes

1264 1524 2108 224 & illuſtres Maiſons, qui ont dominé ſur l'Eſtat

1264 1691 474 213 d'Orange.

1384 1836 1988 198 La Premiere en fait voir la naiſſance Souve¬

1269 2013 2103 161 raine, donne des partages, des grandes ruines, des

1269 2128 2108 187 ſimultés, des diviſions domeſtiques qui en retren¬

1269 2263 2113 198 chent des principaux membres & tiennent le Chef

1264 2419 338 167 diviſé.

1379 2575 2003 193 La Seconde promet en ſon berceau plus d’ordre

1269 2726 2118 172 & de grandeur, reunit ce qui ſe trouvoit encores

1269 2861 2123 182 diſpercé & par une ſage prevoyance pourvoit à

1264 2986 2134 193 l'advenir : Mais la force Eftrangere fait voir tant

1274 3153 2118 197 d’uſurpations, tant d’obligations forcées, tant de

1274 3288 2118 203 beaux Pays & de beaux droicts eſvanouis, qu’on

1274 3444 2113 193 n'en peut que remarquer les cauſes & regreter les

1269 3600 333 177 pertes.

1379 3709 2013 214 La Troiſieſme non moins traverſée, l'eſtablit ſur

1280 3871 2112 187 un fondement plus ſolide, & par guerres, prinſes,

1280 4027 2112 177 reprinſes, accords & traités, reacquiert enfin par

1285 4167 2107 188 voyes de Paix ce qui lui avoit eſté ravi par la vio¬

1285 4303 1249 182 lence d’une guerre pretextée.

1394 4417 2004 234 La Quatrieſme, ami Lecteur, te donnera plus de

1280 4568 2118 260 faveur, pour y eſtre les actions plus ſuivies, plus

3049 4740 343 195 curieu¬
