4034 6298
619 792 2149 184 curieuſement recerchées & plus heureuſement

604 955 2148 183 exprimées, le temps & memoire recente aiants

604 1086 2137 184 ſuppléé aux manquements inévitables aux pre¬

598 1233 342 189 mieres.

703 1401 2038 173 Les Antiquités en taille douce deſcrites brief¬

598 1564 2143 173 vement ſelon leur naifueté & uſage, occupent les

593 1684 2143 200 bords du Tableau & ſervent de lumiere pour pe¬

593 1831 935 189 netrer dans l'Edifice.

693 1978 2054 205 Les remarques que tu vois aux marges y ont¬

583 2141 2158 184 eſté miſes par rencontre, ſans eſtude, & ſans autre

583 2309 2153 183 deſſeing que de te donner une facile expoſition

583 2435 2148 189 de tout le texte & une briefue idée de ce qui y

577 2576 1392 195 eſt couché de plus memorable.

682 2734 2054 226 Mais comme les Eſprits ne ſe plaiſent à toute

577 2891 2154 231 ſorte d'eſcrits , ſemblables aux Baumes qui ne paiſ¬

577 3049 2154 215 ſent en toute ſorte de climats ; le ne doubte point

583 3201 2153 205 qu’il n’y en ait pluſieurs qui requerront en ceſt

577 3343 2149 178 ouvrage une fuite plus continuée, un difcours.

577 3516 2143 163 mieux tiſſu, & une plus grande proportion entre

572 3642 2143 184 les premieres Parties & la derniere : Mais à

572 3763 2133 225 ceux-là, la repoſte eſt prompte. Qu’ils ſçachent,

577 3931 2138 178 que j'ai donné au Public ce que jay eu & ce

577 4072 2133 200 que jay peu ; en cela moins blaſmable que plu¬

567 4219 2143 184 ſieurs autres , d’avoir monſtré le chemin de faire

567 4345 346 179 mieux.

671 4492 2028 210 Les memoires m’ont plutoſt defailli ; que je

575 4650 2124 220 n'ai failli aux memoires. Et nonobſtant la pœ¬

1255 629 919 215 Advertiſſement.

1670 4817 278 176 (b) 2

2426 4901 258 195 nible
