4023 6298
644 1242 192 232 D

1302 545 746 132 A L’ Autheur

735 677 1848 288 SVR SON TABLEAV

887 918 1612 215 DE L’HISTOIRE D’ORANGE.

840 1222 898 121 'Alexandre les lauriers verts

845 1285 966 195 Que le fort bras de ſa vaillance

640 1417 982 188 Avoit plantés dans l’Univers,

640 1553 830 194 Rangé ſous ſon obeïſſance,

645 1674 1025 199 Seroient comme morts defeuillés,

640 1805 1392 236 si ſes faicts par eſcrit n'euſſent esté couchés

740 2052 1008 194 L'oubli couvre dans le tombeau

651 2199 1229 162 La gloire des plus grands Monarques,

656 2304 1061 178 Qui relluiroit comme un flambeau

656 2419 1092 210 En despit du fuſeau des Parques,

656 2555 872 168 S'ils euſſent marié les arts

661 2666 1481 236 De Minerve, aux ſanglants exercices de Mars.

751 2949 877 179 DelaPize tu nous produits

677 3054 1092 199 Dans le Tableau de ton Histoire

677 3196 972 162 Le doux & agreables fruicts

682 3322 961 162 Que peut produire la memoire

682 3453 1061 163 Des plus beaux & rares Esprits

688 3558 1491 205 Qui de mesme que toy vivent par leurs eſcrits.

766 3789 1040 199 La mort faiſoit baigner les yeux

688 3920 919 173 D’Orange de maux aſſiegée

693 4056 950 168 Dans l'eau de fleuve Stigieux

693 4177 845 184 Où elle s’en alloit plongée ;

693 4298 935 163 Tes veilles font que deſormais

698 4408 1329 163 Elle ſoit miſe au jour & ne meure jamais.

1502 4650 1323 134 B. AYMARD, Advocat au Parlement

1654 4728 373 184 d’Orange.

2638 4854 187 194 Au

1927 4886 351 194 (c)
