4059 6244
1987 541 542 177 Au meſme.

1113 697 2248 260 IDEE DE SON TABLEAV

1727 884 1025 208 de I'Hiſtoire d'Orange.

1108 1134 911 135 ORange eſtoit enſevelie

1098 1238 1108 187 Sous les cendres de fon malheur,

1098 1363 993 187 Toute ſa gloire & ſa grandeur

1087 1508 838 157 S’en alloit eſtre aneantie.

1176 1628 999 156 Les Gots l'effroy de ſa nation

1082 1706 989 188 Par l’excés de leur Ambition

1082 1852 1025 146 Avoient martellé ſes murailles

1077 1951 1051 177 Pour donner aux ſiecles à venir

1077 2086 1030 146 Sur le point de leurs funerailles

1071 2185 1036 182 Des marques de leur ſouvenir.

1160 2403 1046 188 Par tout paroiſſoiẽt des maſures,

1066 2544 1077 146 Des traces des vieux baſtiments,

1066 2643 1093 187 Et rien que les ſeuls fondements.

1066 2778 1119 151 Faiſoient remarquer leurs figures:

1139 2887 1057 156 Quand Dela Pize en ſõ Tableau

1056 2997 1093 171 A marqué d’un parfaict pinceau

1056 3122 957 156 Le ſubject, le plan & uſages

1051 3220 1113 182 De ces grands deſſeings ſuperflus

1051 3350 1040 141 Qui n’ont laiffé que les Images

1045 3470 922 146 D’avoir eſté & n'eſtre plus.

1092 3683 1109 198 Mais ce n'eſt que le ſeul ombrage

1035 3798 890 156 De ceſt ouvrage ſingulier,

1045 3933 823 146 Qui a tout de particulier

1045 4069 937 135 Et rien qui ne ſoit en uſage :

1124 4152 1019 177 L’Hiſtoire en forme le deſſein

1040 4277 963 156 Et reçoit dans ſon chaſte ſein

2253 1129 1139 182 Les noms, les faicts & les loüãge,

2258 1274 900 167 La Nobleſſe & l’authorité,

2263 1389 1067 177 De trente-ſix Princes d’Oranges

2253 1498 770 161 Donnés à la poſterité.

2346 1701 1031 187 D'iceux les Races memorables

2253 1836 817 188 En puiſſance & en pieté,

2242 1961 750 172 Richeſſes & antiquité,

2248 2086 1124 161 En fõt quatre Angles hõnorables:

2331 2201 869 171 Et chacune en leur ſaiſon,

2237 2331 952 140 Orange , les Baux , & Chalon

2263 2435 1031 187 Donnent ſon rang à la vaillance

2248 2560 973 161 De Naſſau ce ſang Genereux,

2248 2674 915 177 Qui protege de ſa puiſſance

2237 2799 1072 166 Et rend ſon Eſtat bien-heureux.

2320 3002 1057 208 Ainſi l'ordre eſt tout admirable,

2232 3148 957 176 Le travail en eſt nompareil,

2222 3272 1066 162 Le temps n’a rien veu de pareil,

2222 3397 1072 167 De plus curieux & plus loüable:

2305 3512 994 161 Et ſi tant de vieux documents

2216 3626 1156 214 Des hommes morts & des vivants

2216 3746 989 172 N’en verifioient la memoire,

2206 3881 822 161 L'excellence & la rareté

2211 3990 1062 172 Aſſeureroient que ceſte Hiſtoire

2216 4121 958 239 En auroit beaucoup inventé.

2503 4292 718 188 D.M.F.D.L.
