4023 6298
1423 572 520 157 Au meſme

709 708 1898 236 SVR SON TABLEAV

898 923 1607 184 DE L’HISTOIRE D’ORANGE.

619 1229 186 224 T

782 1233 1586 205 Ant de valeureux faicts tant de belles conquestes

913 1354 951 183 Des Grecs et des Romains,

609 1469 1402 205 N'euſſent peu éviter l'effort et les tempestes

908 1616 783 163 Des destins inhumains .

603 1747 1382 168 On n'en parleroit plus , toute leur renomnée

898 1868 819 168 Et tout ce grand orgueil

614 1983 1397 158 Qui paroiſſoit en eux , aprés quelques années

913 2130 683 153 Eut ſubi le cercueil.

619 2220 1733 178 Si, comme en un lieu ſeur, leur nom dedans l’Histoire

850 2377 904 136 N'eut trouvé du ſupport,

619 2471 1508 189 Et ſi leurs Eſcrivains n'euſſent mis leur memoire

903 2618 856 158 Hors des rigueurs de ſort

598 2729 1571 189 Les exploicts de Cæſar, de Cyrus, d'Alexandre

903 2897 656 147 Seroient deſia peris,

593 2986 1439 178 Si les Hiſtoriens pour les nous faire entendre

903 3122 751 158 Ne les euſſent deſcrits.

598 3238 1592 204 Le temps n'espargne rien : Par l'ordre de Nature

898 3374 871 142 Tout tend vers le trespas

598 3490 1597 215 Le temps diſſipe, perd, & change d'heure en heure

898 3637 688 162 Les choſes d’icy bas.

598 3726 1670 231 Ce grand nom Orangeois craint ſur la terre & l'onde

908 3878 646 157 Pouvoit à l'advenir

603 3978 1376 215 Subir ces dures loix dont le reste du monde

898 4135 672 173 Ne ſe peut garentir:

593 4251 1570 183 Mais par tes ſoins LaPiſe & par ta docte plume

903 4382 662 168 IL ſe met à couvert

598 4518 1497 184 Des injures du ſort, du temps qui tout conſume

919 4644 934 194 Qui tout ruine & tout pert.

2593 4748 102 119 Ce
