4059 6244
1368 582 1301 156 Ce Tableau enrichi de coleurs immortelles

1680 692 666 182 Le tire du tombeau,

1368 848 1233 145 Luy donne un eſclat et une forme telle

1675 931 843 161 Qu'il en paroit plus beau.

1368 1040 1473 187 C'est là où par des traicts tirés de bonne grace

1680 1186 755 172 Tu monstres tout à nu

1363 1306 1566 192 Tant d'actions de valeur qu'on a de race en race

1680 1430 734 183 En tes Princes cognu.

1373 1550 1338 203 C'est là où du paſsé rappellant la memoire

1675 1680 786 135 Tu fais clairement voir

1379 1815 1524 167 Quelle est et quelle fut de tes Princes la gloire

1680 1925 791 171 Le lustre & le pouvoir.

1379 2060 1576 172 Là tu fais voir des Roys, des Electeurs d'Empire

1675 2185 723 156 Avec des Empereurs.

1373 2310 1254 161 Là d'un ſtil hardi tu te plais à deſcrire

1680 2424 921 177 Leurs faicts & leur valeur.

1379 2549 1696 177 Là ce grand FREDERICH, du Tyran d'Iberie

1686 2669 702 172 Et l'effroy & le fleau

1373 2815 1463 161 Verra depeinct au vif tout le train de ſa vie

1680 2903 807 182 Soubs un tiltre nouveau.

1384 3033 1410 198 Là de ſes Devanciers remarquant la proüeſſe

1686 3163 598 167 Et la rare vertu

1394 3278 1681 197 Il verra qu'à luy ſeul le nom de ſon ALTESSE

1701 3439 697 161 Estoit justement deu.

2440 3663 812 130 P. MENSE Provençal

2570 3751 437 172 D. E. M.
