4023 6298
572 740 2122 194 la pompe funebre de Philibert empruntée d'un

561 881 2128 236 autheur Bourguignon pour la plus part ; je me

561 1018 2128 210 ſuis tenu à ſes termes ni ayant rien contribué

561 1165 1545 225 du mien que quelque agencement.

672 1312 2022 210 En tout on n'y remarquera ni flateries impu¬

567 1469 2122 220 dentes ni meſdiſances affectées. L'Histoire y

567 1611 2132 236 trouvera ſa pureté ; les actions vicieuſes s'y

572 1768 2132 231 fairont diſcerner ; les vertueuſes ſeront portées

572 1905 2138 252 au plus haut Epicile de leur gloire : les lou¬

577 2057 2138 220 anges que nos Princes y recepvront ſeront de leurs

582 2220 2138 215 actions & non de mes paroles , de leur Histoire

588 2346 2137 230 & non de moi : Eſtant ce la vraye façon de

582 2471 2143 247 louer quand on donne lieu au blaſme lors qu'il

588 2671 535 194 en eſt lieu.

703 2729 2038 236 Ie me ſuis expreſſement attaché aux choſes

603 2912 2138 205 prochaines qui les ont regardés directement ou

609 3065 2132 183 obliquement ; j'ai paſſé plus legerement les eſloi¬

614 3180 2127 236 gnées ; les premieres rellevées par deſſeing , les

619 3353 898 205 autres par occaſion.

730 3453 2027 241 Si j'ai hurté quelque eſceuil , ça eſte en ſui¬

630 3616 2122 220 vant les cartes qu'on m'a donné , tout par in¬

635 3752 2127 220 advertance , rien par malice. Ie ſerai obligè à

635 3904 2132 194 ceux qui s'en plaindront, s'ils me donnent moien

635 4041 2138 231 de ſatiſfaire à leur plainte ; ſinon qu'ils accuſent

645 4203 1398 195 leur Apocagine ſans la publier.

751 4335 2032 215 Ie n'ai eu comme pluſieurs autres un corps

656 4482 2122 210 d'hiſtoire, duquel je n'euſſe qu'à rellever les man¬

666 4623 2122 236 quements. Ie traite un deſſeing oublié & non

1181 587 925 200 Advertiſſement.

1754 4833 336 179 (b) 3

2478 4765 305 283 jamais
