4003 6298
966 1689 1298 231 TABLEAV

1129 1926 909 131 DE L'HISTOIRE

577 2078 2075 299 D'ORANGE.

672 2424 1818 236 De l'eſtat & Principauté d'Orange:

530 2876 2107 157 De ſon climat, ſitutation, confrons, beauté & ammenité de la cam¬

1323 2681 536 179 où eſt traité

646 3002 1896 136 pagne, danrees, fondation, origine, & anciennenté de la ville

779 3091 1600 173 d'Orange, Antiquités d'icelle , Parlement , Conciles,

1187 3211 793 179 Eveſché & Univerſité.

798 3568 1597 168 AVANT - PROPOS SVR

1019 3684 1108 178 TOUS LES TRAITES.

1145 3899 1502 126 A naiſſance de ceſte ſouveraineté eſt glorieuſe , ſa

1134 3978 1497 131 conſervation memorable , ſa ſubſiſtance miraculeu¬

1129 4056 1508 132 ſe, la valeur de nos Princes là acquiſe à la pointe de

1129 4146 1508 115 l'eſpée, leur prudence la conſervée, & leur grandeur la

1139 4219 1492 121 maintenue. Mais la gloire , la prudence, & la grandeur

1129 4287 1502 132 de celuy qui regne maintenant ſur nous , la ſi ferme¬

1145 4371 1492 121 ment eſtablie ſur ſon plain , & la fait ſubſiſter avec tant

556 4508 2086 142 anciencs Grecs diſoint jadis de la ville d'Athenes; qu'elle eſtoit eſtimée de

1139 4445 1482 131 d'adſantages , que nous pouvons dire d'elle, ce que les

551 4592 2070 126 tout le monde, pour l'abondance de ſes richeſſes, pour la multitude de ſes ci¬

546 4671 2064 131 toyens , & pour la magnificence de ſes baſtiments; mais qu'elle l'eſtoit en¬

546 4733 2085 142 cor plus pour la reputation des Phociens , des Miltiades, des Themiſtocles,

551 4823 2082 131 & de tant de grands hommes , qui y avoint commandé & gouverné. Ainſi

551 4901 2070 121 ceſte Pincipauté , quoy que tres conſiderable en elle meſme , ayant autre¬

546 4959 2085 152 fois donné la Loy au Comté d'Avignon, iceluy rendu tributaire de ſes gou¬

551 5048 2065 132 verneurs,fortifié des prerogatives,qui la rendent recommandable par deſſus

556 5117 2081 147 plusſieurs autres eſtats, la faiſant aller de pair avec les plus amples ſeigneuries;

2358 860 284 189 Fol. I.

761 4114 142 210 L

2652 4497 421 100 Athene ſuam celebri¬

2642 4555 425 100 tatem non minus ſum¬

2652 4613 420 93 mis viris quans ſcripto¬

2647 4665 363 100 ribus debens Saluſt.

2652 4718 415 88 La reputation de

2647 4770 415 100 Themiſtocles ac¬

2652 4823 415 100 crut beaucoup plus

2652 4891 410 84 celle des Atheniens

2652 4949 413 79 en la journé de

2652 5001 410 85 Salamine que non

2650 5054 427 92 pas les grandes for¬

2652 5106 410 83 ces qu'ils y avoint.

2652 5164 247 80 Herod. lib. 8.

1665 5222 52 147 A

2453 5232 178 131 porte
