4059 6244
1358 842 78 105 2

941 1311 412 93 Lors que le Roy

941 1384 422 72 Henry III. venoit

941 1441 417 83 de Pologne pour

936 1488 422 83 aller recueillir la

941 1545 412 73 couronne de Fran¬

941 1602 412 83 ce, avant que s’ap¬

941 1644 417 99 procher des terres

952 1711 406 84 de la Principauté,

941 1763 427 73 il envoya deman¬

941 1826 427 78 der paſſage pour

941 1878 417 83 luy & pour ſon ar¬

941 1925 422 93 mée au ſeigneur

941 1987 432 78 de Barchon Gou¬

947 2044 426 84 verneur, avec tel

947 2102 421 88 ordre que pas un

947 2164 416 73 des ſoldatz n’em¬

947 2211 426 83 porta aucune cho¬

941 2247 432 94 ſe, ayant eſtabli des

947 2325 421 84 gens, ſur toutes les

946 2375 422 82 limites de l'eftat,

962 2443 406 75 pour le diſtinguer:

952 2487 431 77 mais le voiſinage

952 2544 436 84 ne fut pas eſparg¬

961 2601 74 74 né.

961 2723 421 76 D’entre tant de

962 2778 417 83 maſſacres, qui ſe

962 2825 422 94 firent en France de

967 2893 417 78 ceux de la religion

962 2939 422 84 Reformée , celuy

957 2986 434 94 d’Orange à eſté le

962 3049 422 88 ſeul chaſtié de pu¬

962 3116 423 94 nition exemplaire.

963 3230 421 84 Ceux qui ſont en¬

962 3288 422 73 tendus aux fcien¬

962 3345 422 78 ces occultes diſent,

967 3397 417 84 que le Dieu Mars,

962 3444 427 89 à eſté infœlice en

967 3507 427 88 la fondation d’O¬

962 3564 430 88 range; d’ou tant de

962 3621 427 71 guerres & de rui¬

962 3678 427 70 nes ; le malheur

967 3730 422 89 deſquelles eſt repa¬

967 3788 434 83 ré, par le profit de

967 3840 427 88 la meſnagerie , qui

973 3897 421 88 y eft grand, ſur le¬

973 3944 426 88 quel preſide Satur¬

974 3999 425 83 ne qui fut fœlice

980 4063 346 81 en ſa fondation.

1769 811 1254 130 Avant-propos ſur les traictés.

1368 905 2050 125 porte bien plus haut le nom de ſa grandeur ſouveraine,depuis le temps qu'el¬

1373 978 2051 119 le a eſté poſſedée,de tant de grands Princes, qui de la renommée de leurs ar¬

1373 1061 2051 109 mes ont embaumé tout le monde, & fait bondir la reputation volante de

1373 1123 2056 125 leur gloire, par toute l’eſtendue de l’univers, ne plus ne moins que fleſches

1373 1212 963 109 empennées d’Orient en Occident.

1425 1248 1999 141 C'eſt l'arche de Noé, qui à courageuſement deſpuiſé, tous les flots ondo¬

1384 1347 2040 125 yans, de tant de deluges de ſang, qui ont couvert toute la ſurface de l’Euro¬

1379 1436 2055 109 pe. C'eſt cet Eſquif flotant, qui à vogué ſeurement , parmy les orages & les

1363 1508 2066 120 tempeſtes de la France, tandis que les deux plus grandes navires de la Chre¬

1363 1581 2071 99 ſtienté , s’eſtoint randues à deux doigts de leur naufiage. C'eft vne autre

1384 1659 2045 120 Palmyra, qui à ſubſiſté, par my l'entre-heurt des armes des deux plus puiſſans

1368 1722 2066 125 Princes Chreſtiens ; mais plus glorieuſe , de s'eſtre heureuſement rellevée,

1384 1815 2055 99 de tant de ſanglantes guerres , ruines, & ſaccagements, qui l’avoint malheu¬

1389 1888 2050 115 reuſement embarraſſée, parmy la querelle, des autres Provinces; & s'eſtre

1373 1951 2066 135 conſervée dans le rempart inexpugnable d'vne ſouveraineté abſolue, ſous

1379 2044 926 84 l'vnique authorité de ſon Prince.

1457 2070 1977 151 Pluſieurs grands Eſtats ont eſté diſſipés, & les formes de leurs gouveme¬

1389 2180 2035 119 ments dutout eſteintes. Depuis les temps, que la Principauté d’Orange eſt

1384 2258 2050 109 ſouveraine, elle àveu le commancement, le progrés, & la fin, de pluſieurs

1379 2336 2045 104 Royaumes, qui ſont comprins dans les Eſpagnes, ancienement regis par au¬

1399 2403 2025 115 tant de Roys; elle les void maintenant tous reduits ſous le pouvoir d’vn

1384 2481 2055 120 ſeul Monarque. La Provence avoit ſon Roy , le Dauphiné ſon Prince, le

1394 2560 2040 119 Languedoc , & Auignon leur Comte & leur ſeigneur ; mais les trois pre¬

1399 2632 2030 120 miers, vivent ſous les loix de France, & le quatrieſme porte le nom de

1394 2695 2040 130 patrimoine de S. Pierre. Et bien que ceſt Eſtat, ayt reſſenti les eſclats des

1394 2788 2035 110 foudres, de tant de guerres que la Iuſtice de Dieu à lancé du ciel, pour la pu¬

1399 2856 2030 120 nition de l’ingratirude des hommes; & que ſa ſouveraineté ſoit demeurée

1405 2934 2034 120 pour vn temps cachée ſous les cendres de ſes ruines; elle n'a pas pourtant

1405 3007 2024 130 eſté perdue; elle à efté attainte, mais non pas eſteinte ; apprimée, non oppri¬

1405 3080 2024 125 mée ; combatue, mais non jamais abatue: La bonté du Tout-Puiſſant Ia

1410 3158 2034 120 touſiours tenue gravée cõme vne nouvelle Sion ſur la paume de ſa main.Elle

1399 3231 2040 130 l'a mainte-fois rétirée de la rigueur de la tyrannie, de livrée de l’oppreſſion de

1405 3314 2039 120 ſes adverſaires, cherie, aymée & heureuſement reduite ſous la domination

1410 3397 655 115 de ſes Princes legitimes.

1467 3434 1967 145 Mais pour faire voir le climat ſalutaire, ſous lequel nous vivons, la tem¬

1420 3538 2019 130 perarure,& la ſerenité de l’air, que nous reſpirons; la vaſte & delicieuſe cam¬

1410 3611 2040 124 pagne, qui nous enuironne; tant de beaux fruits, qui y croiſſent; & tant de

1399 3694 2040 120 riches danrées,qui s'y recueillent abondammenct:Pour eſtaler en ce diſcours,

1410 3772 2042 109 ces eminents tiltres de cité metro-politaine, & tres-opulente, ſous les

1410 3840 2038 119 Romains; qui ſont meritoirement aſſignés à Orange ville capitale de l'eſtat :

1410 3912 2034 125 pour renouveller ces curieuſes remarques des antiquirés Romaines, qu’on y

1415 3996 2024 114 void encor rellevées, en des baſtimens ſi ſuperbes, & ſi magnifiques; avec

1410 4063 2055 115 ce grand & ample circuit des vielles murailles ,qui deſignent la grandeur de

1415 4147 2035 119 la ville ancienne : & pour la faire voir honnorée d'vn ſiege de Parlement,

1420 4219 2040 115 & de la tenue de deux celebres Conciles, des chaires d’Eveſché, & d’Vni¬

1415 4292 2050 110 verſité ſous les Princes Chreſtiens ; Il fault enrichir la bordure de ce ta¬

1410 4370 2050 120 bleau , par la delineation d’autant de vives remarques , avant qu’entre¬

1415 4438 2055 114 prendre la repreſentation de toutes ces riches figures; qui paroiſtront en

1420 4516 2040 125 eur lieu, par la defduire, des actions memorables de tant de grands Prin¬

1420 4568 2050 141 ces, qui l’ont poſſedée depuis pluſieurs ſiecles, en tiltre de ſouveraineté, qui

1420 4667 2050 127 ſe continue heureuſement, au tige de ceſte grande maiſon de Naſſau, ſoubz

1430 4745 1021 143 le regne de noſtre victorieux Prince.
