3983 6298
725 1023 1697 152 Du Climat, Situation, confronts, beautè et ammenitè

940 1128 1261 136 de le campagne, et des danrèes qui ſe re¬

1124 1212 878 163 cueillent en l'eſtart d’Orange.

730 1375 1876 136 Et Eſtat eſt posé ſous le quarante troiſieſme degré & demi de l'eſle¬

719 1474 1887 110 vation du Pole en latitude, & ainſi approchant le milieu de noſtre

725 1548 1876 115 Zone temperée. Son climat eſt beau par excellence. L'air de ceſte

530 1621 2071 121 contrée eſt fort temperé. Les pluyes y tombent favorablement. Les ſaiſons

520 1705 2081 116 ſemblent ſe vouloir accommoder, à la cuillete de tant de beaux fruits. Les

524 1773 2092 121 vapeurs, & les exalaiſons malignes, couſtumieres de s’eſlever de la terre, ſelon

520 1857 2091 111 la diverſité de leurs cauſes, ne ſe peuvent longuement arreſter, pami l’eſten¬

525 1936 2081 110 due de ce Climat, en eſtans deſchaſsées par la frequent e impetuoſité du vent

520 2010 2091 115 de Nort ; mais no ſans cauſer aucune fois des dommages aux bleds, vignes,

514 2083 2108 121 & autres fruits de la campagne. Operations ordinaires de la Divine provi¬

520 2162 2107 126 dence, qui pour le bien des hommes tire d’une meſme cauſe divers effects

515 2251 320 110 contraires.

599 2349 2017 133 Il eſtoit anciennement d’aſsés grande eſtendue comprenant ſous ſoy be¬

514 2424 2102 121 aucoup de villes & de villages, du Comté Venaiſcin, de la Provence & du

514 2498 2108 120 Dauphiné; Mais ou par ſucceſſion des ſiecles,ou par la malice des temps, ou

504 2582 2112 126 bien par le malheur des guerres eſtrangeres, qui en tenoint eſloignés ſes Prin¬

509 2655 2107 131 ces, tout l’Eſtat à eſté reduit à la ville d'Orange, qui porte le nom de Princi¬

525 2734 2091 126 pauté & de capirale du Pays; celles de Courthezon, Jonquieres, & Gigon¬

504 2813 2107 115 das, cloſes de murailles; avec pluſieurs autres bourgs, villages, chaſteaux,

509 2891 2107 99 & fiefs, tant du Prince que des Seigneurs & Gentils-hommes, vaſsaux, de¬

509 2975 1041 132 pendans de la ſouveraineté d’Orange.

583 3091 2032 99 Son aſſiete eſt aux extremités, qui joignent les quatre provinces voiſines,

504 3154 1797 131 le Languedoc,la Provence,le Dauphiné,& le Comté d’Avignon.

583 3217 2033 157 Il à en ſon orient, les terres de Malauſcene, celles de Baumes, celles de

525 3327 2081 131 Sarrians,& celles de Camaret. En ſon occident la riviere du Rhoſne,la ba¬

520 3400 2096 126 ronnie de Lers, & Caderouce; en ſon midy Chaſteau-neuf Calcernier, &

520 3484 2096 137 Bedarrides : en ſon Septemtrion, la baronnie de Serignan, Piolens, & Mor¬

530 3579 105 110 nas.

604 3621 1997 136 Le terroir eſt ample, au regard des villes, qui y ſont ſituées, & du peuple

525 3721 2076 110 qui les habite; ſa longueur d'orient en occident eſt depuis Malauſcene juſ¬

520 3789 2091 115 ques au Rhoſne, & juſques à la baronnie de Lers; ſa largeur du midy au ſep¬

520 3873 1823 126 temtrion, eſt depuis Bedarrides, juſques à la baronnie de Serignan.

578 3962 2023 142 Le pays eſt plain & uni, la campagne belle & delicieuſe; compartie par

525 4046 2086 121 tant de maiſons champeſtres,& belles metairies, que dans le ſeul terroir d’O¬

525 4130 2081 121 range,y en à plus de cinq cents en nombre toutes habitées; compaſsée d'une

520 4203 2091 126 infinité de jardinages, vergers, clos, préeries,& terres cõplantées d'une multi¬

520 4282 2091 126 tude d'arbres de toute eſpece; arrosée d'vn grand nombre de ruiſseaux, ſour¬

520 4356 2096 120 ces, & fontaines;& ce qui rend ceſte plaine tres belle, eſt qu’on la voit bor¬

525 4434 2081 132 née de montagnes, qui l’entourent de tous coſtés en forme ronde; elles ſont

520 4508 2086 115 eſloignées les unes de deux heures de chemin, autres de trois, juſques à qua¬

520 4576 2091 121 tre, cinq, & ſix, touſiours en veue de la plaine; & toutefois elles reſsemblent

525 4660 2081 121 eſgalement diſtantes, & jointes enſemble, comme ſi la nature les y avoit po¬

525 4739 2081 126 sées, pour ſervir de Mur & de rempart, à la conſervation de ceſte belle, &

530 4812 2076 121 riche plaine, ce qui me fairoit volontiers dire, que c'eſt la terre de Promiſ¬

530 4880 2081 132 ſion, la Canaam de l’Europe, l'Edem, le Paradis terreſtre ſi curieuſement

525 4975 830 110 recerché par tant d'eſcrivains.

604 5059 2002 194 Mais autant que la demoure de ce pays eſt agreable, & delicieuſe, au¬

1607 5159 121 178 A 2

294 1411 215 95 Degré de

296 1485 215 69 la ſituatiõ

283 1532 228 84 de la Prin¬

287 1594 188 75 cipauté.

286 1706 223 72 Son Cli¬

283 1747 105 105 mat.

283 1905 205 110 Frequen¬

284 1993 215 80 ce de vẽts.

283 2377 221 97 Sõ eſten¬

283 2445 90 100 due.

289 2697 199 126 Ses viles.

278 3112 215 73 Aſſiete &

286 3182 206 66 confronts

278 3211 205 95 generaux.

289 3301 210 110 Confronts

284 3385 215 77 particulie¬

283 3437 79 100 res.

289 3679 207 73 Son ter¬

283 3742 105 110 roir.

294 3967 215 137 Beauté de

289 4083 183 78 la cam¬

288 4130 148 82 pagne.

535 1411 190 247 C

2572 847 76 121 3

2643 1398 425 108 Arauſiorumi colonia

2632 1469 420 95 latitudine 44. Ge¬

2627 1543 430 70 rar d. Mercator in an¬

2622 1584 320 92 n ot. in Ptolom.

2499 5178 109 54 tant
