4017 6244
1378 815 84 105 31

1373 842 2082 146 tant ſon terroir eſt riche, & fecond, en pluſieurs danrées; le froment, le vin,

1378 952 2088 109 la ſoye, & le ſaffran, outre tant d’autres, s’y recueillent en ſi grande quantité

1389 1025 2075 114 que la moindre ſuffiroit pour beaucoup plus de peuple, qu'il n’y en à en tou¬

1389 1103 2081 109 te la Principauté, & toutesfois elles excellent en beauté & bonté les autres

1384 1170 2086 120 fruits des contrées circonvoiſines; & ce qui eſt remarquable, cet Eſtat n'em¬

1394 1254 2081 114 prumpte rien de ſes voiſins, de tout ce qui eſt neceſſaire à l’uſage de la vie hu¬

1389 1332 2081 114 maine, ſoit pour la nourriture & parure du corps, ſoit pour fournir à tant

1394 1404 2081 104 d’autres neceſſités des familles. Il faut parler en particulier de la ville d'O¬

1394 1488 2076 119 range, & commencer par ſon origine, pour paſſer à la conſideration des au¬

1389 1555 718 130 tres choſes remarquables.

1561 1628 1737 172 De la fondation origine, et anciennetè de la ville d’Orange,

2029 1758 827 120 ou eſt parlè de S. Eutrope.

1540 1841 1930 157 Es noms ſont les images des choſes. Ils n'ont eſté introduits à autre fin,

1540 1961 1925 109 que pour repreſenter la nature de ce à quoy ils font appropriés. Ceſte

1545 2029 1936 109 ville à eſté diverſement nommée par divers autheurs. Des Grecs Arau¬

1399 2102 2061 125 ſion, ou bien Araiſion de la terminaiſon du nom de ceſte colonie Grecque,

1420 2185 2050 114 dont elle fut peuplée en ſon premier commancement. Des Latins Arauſio,

1399 2247 2076 120 Auraſica, Arauſica, Arauſia, Auraica, Aurengia. Des François Orange, Aurange,

1415 2325 2066 120 & Orenge. Le commun & le plus uſité eſt Orange par nous employé au fron¬

1404 2393 2077 130 tiſpice de ce Tableau, & dans tout le cours de noſtre hiſtoire. Noms que

1404 2492 2071 99 la commune opinion fait deriver, ou de ce mot Aura c'est à dire vent, en lan¬

1410 2554 2081 120 gage du pays Aure, à cauſe de la frequente impetuoſité des vents, qui y

1410 2632 2060 115 regnent; ou bien du mot Orage en oſtant la lettre n, comme pour repre¬

1420 2710 2061 99 ſenter les diviſions, orages, & partialités, aux quelles ceſte contrée eſt natu¬

1410 2778 2055 120 rellement aſſuietie. Quelque uns tirent ce mot Orenge, d’une figure ironique,

1415 2867 2034 104 dautant qu'il ne s'y peut eſlever aucuns Orengers,pour la violẽce des meſmes

1415 2934 2050 115 vents; ne pouvans ces beaux, & odoriferans arbres prendre accroiſſement,

1404 3023 1967 88 que dans le calme des pays plus doux, à l’abri des vents,& de la tempeſte.

1482 3080 1993 120 a La fondation de ceſte ville eſt ſi ancienne, que pluſieurs n'ont pas fait

1425 3137 2056 141 difficulté, de la rapporter entre les plus celebres de la Gaule Narbonnoiſe.

1420 3231 2055 125 Quelques uns ont dit, qu'elle fut fondée avec les villes de Marſeille, Nice,

1415 3319 2055 109 Thurin, Avignon, & Lion, par ceſte grande Colonie des Grecs, qui paſſa

1420 3392 2045 104 à Marſeille, ſous l’enfance de la republique Romaine,& pendant le regne de

1425 3470 2045 125 Tarquin Roy des Romains, pour eſtablir leur demeure en ce pays, & faire

1410 3548 1706 99 retentir le los de leur renommée, parmy les nations eſtrangeres.

1430 3600 2040 120 b Les autres eſtiment que les Phoccens voyant leur ville aſſiegee par les Per¬

1425 3689 2040 125 ſes, ſous la conduite d’Harpalus leur general, qu iavec le balay ardent de la

1430 3767 2045 114 cruauté ſe promenoit fierement par toute l'eſtendue de la Grece, mirent ſou¬

1430 3845 2040 114 dain la voile au veut , & prindrent retraite à Marſeille. Les autres diſent que

1425 3928 2030 104 leur pays natal trop eſtroit pour contenir un ſi grand peuple, les obligea de

1425 3996 2050 104 cercher paſture ailleurs par la navigation, ſi qu'ilz vindrent ſurgir és environs

1430 4079 2040 109 de l’embouchure du Rhoſne, & en ſuite y attirerent tout le peuple de Phoces

1430 4141 2045 120 ſous la conduite de Simos, et de Protis. Que pour s'inſinuer plus doucement

1430 4225 2045 104 en ceſte poſseſsion, ils recercherent d’amitié un Roy voiſin nommé Nannus,

1436 4292 2029 115 lequel les reçeut humainemẽt, & d'arrivée s'eſtans rencõtrés dans le banquet

1430 4370 2056 110 nuptial de ſa fille nommée Gypte auquel ils furent conviés, ceſte Princeſse qui

1436 4448 2045 104 debuoit verſer de l’eau ſur les mains de celuy qu'elle eſliroit pour mary (ſui¬

1436 4521 2024 115 vant la couſtume du pays) ſe tourna devers Protis l’un des chefs Grecs & luy

1436 4594 2039 125 en verſa.& que Protis par ceſte ineſperée faveur devenu gendre du Roy, obtint

1441 4677 2029 110 en don le lieu ou il fit baſtir une ville qu’il nomma Marſeille. Tous les peu¬

1425 4755 2056 94 ples des environs leur envians ce bien, tachent d’eſtouffer par armes ceſte

1404 4833 2061 110 proſperité naiſsante. Mais la valeur des Grecs ſe faiſant voye par tout, ils ne

1420 4901 2061 104 des peurent empecher d’eſtendre leurs coudees & de reduire ſous leur obeiſ¬

1437 4974 2028 164 ſance le pays cinconvotin ou ils envoyerent des Colonies. Par ce moyen là

1566 676 1639 224 De la fondation,&c. de la ville d’Orange.

973 1561 395 87 Αραυσίων. Ptolom.

967 1628 250 83 Geograp. l.2.

967 1670 365 93 Αραισίων. Strabe.

973 1737 209 78 Geog. l.4.

972 1784 401 85 Arauſio. Plin. l.3.

978 1857 83 83 c.4.

971 1906 402 76 Auraſica. Marcian.

973 1966 353 78 in Comment. Ceſ.

973 1998 359 94 Arauſica. Concil.

975 2070 108 83 Gall.

975 2127 414 65 Arauſia. Belear, in

978 2194 269 63 Comm. Ball.

981 2274 385 77 a Marſeille fut

983 2330 401 60 fondée par les

980 2389 404 53 Phoceens en l’an¬

982 2435 389 72 née 3442 de la

984 2503 408 63 creation du mon¬

990 2551 401 81 de, 218 de la fon¬

987 2616 405 68 dation de Rome,

983 2653 411 83 & 500 ou envi¬

983 2716 406 83 ron avant Ieſus

988 2779 177 62 Chriſt.

983 2865 406 80 b A Phocea Aſiaticus

988 2924 411 68 populus Harpali incle¬

988 2980 411 63 mentiam vitans Cyri

988 3032 414 69 Regis Prafecti Italiam

985 3088 413 67 navigio petiit , cujus

986 3148 413 59 pars in Lucania Ve¬

993 3198 404 74 liam , alia condidit

990 3254 404 65 in Viennenfi Maſſi¬

979 3312 421 65 liam. Dein ſequutis

991 3369 415 64 etatibus oppida Aucta

996 3420 404 64 virium copia inſtitue¬

995 3476 407 64 re non pauca, ſed de¬

988 3512 411 93 elinanda varietas ſape

999 3593 401 51 ſatietati conjuncta.

998 3637 370 69 Amm. Marcel. lib.

1001 3703 407 59 I 5.cap. 23. Herodot.

1002 3764 397 53 Clio. Pomp.Trog.l.43.

1055 3848 353 62 Haec autem Co¬

1001 3904 398 60 lonia Φωκαίεων erat.

1009 3944 390 83 Strabo Geograph. I.4.

1004 4009 349 64 Et peu apres il

1004 4058 400 73 met entre les vil¬

1005 4110 361 81 les de la Gaule

1009 4167 318 84 Narbonnoiſe.

1015 4233 382 57 Aυἐνιών , Αραισίων ,

1009 4290 198 65 Λύγδυνον.

1002 4348 410 59 Ptolomeus Geograph.

1009 4396 349 69 Loc. cit. l’appelle

1004 4428 416 109 Apαυσίων & la met

1009 4512 409 59 au nombre des ci¬

995 4558 404 83 tés des Canarois.

1045 4650 372 71 d Charauarin eſt

1008 4709 417 67 un mot Provençal

1009 4755 401 94 qui veut autant à

1009 4820 406 66 dire que joye avec

1008 4877 402 67 grand bruit deri¬

1009 4922 369 83 vé du mot Grec.

1004 4969 374 99 Χαρά qui ſignifie

1009 5042 247 72 auſſi joye.

1399 1815 135 271 L

3493 900 205 69 Danrées

3486 962 224 73 qui s’y re¬

3479 1009 212 78 cueillent.

3491 1982 203 109 Ethimo¬

3494 2070 200 78 logie du

3495 2128 110 63 nom

3496 2180 224 87 d’Orange.

3501 2721 209 109 Dans Ie

3491 2804 172 73 terroir

3491 2856 229 83 d’Orange

3501 2908 177 83 ne croit

3500 2979 220 58 point d’O¬

3499 3023 184 90 rengers.

3494 3151 231 65 Fondatiõ

3490 3205 230 65 de la ville

3491 3267 234 69 d’Orange.

3382 5068 93 115 vie
