3983 6298
677 776 1698 152 De la fondation, &c. de la Ville d’Orange.

520 886 2060 116 vie de nos premiers habitans commança de ſe rendre plus humaine, la civi¬

509 965 2071 116 lité de ces nouveaux hoſtes les apprivoiſe peu à peu , ils en apprenent la fa¬

520 1039 2054 120 çon de cultiver les champs, & de baſtir des villes, & au lieu qu’ils n'eſtoint

504 1112 2081 126 paravant regis que par violence ils ſe ſouſmettent à un gouvernement poli¬

509 1201 2081 105 tique adreſsé par bonnes loix. Bref noſtre Orange & les principales villes de

504 1270 1865 115 Lion en bas commancerent deſlors à jetter leur premiere fondation.

583 1354 2002 110 Ce qui eſt confirmé principalement, tant par la terminaiſon de ces vil¬

493 1427 2087 121 les la en ion, du nom de ceſte Colonie, comme Lion, Avenion, & Orange,

504 1506 2091 110 qui pourlors fe nommoit Araifion: que parla grande recommandation, en

504 1579 2081 126 laquelle la Laugue Greque eſtoit pour lors, en ces contrées, & particulie¬

493 1658 2087 110 rement en la ville de Marſeille, ou accouroint gens de tous coſtés, pour

504 1726 2086 131 l'apprendre; d & par la convenance de ceſte laugue là, avec la vulguaire de

514 1815 2087 111 ce païs, meſmes en l’idiome, & en pluſieurs mots, qui ſont encor parmy nous

504 1905 273 105 en uſage.

535 1966 2060 112 e Julius Caæſar, qui pour les merveilles de ſes royales actions, & les incom¬

504 2041 2076 131 parables exploicts de ſa valeur, à eſté le plus capable de ſon temps, pour deſ¬

493 2120 2097 126 crire les commentaires de ſa vie ; qui à precedé de pluſieurs années, l’advene¬

504 2199 2076 115 ment du Sauveur du monde: a bien voulu laiſsér à la memoire de la poſterité,

493 2272 2087 115 l'eſtime particuliere qu’il faiſoit de ceſte ville; lors qu’ayant aprins la revolte

499 2356 2096 105 des Gaulois,il vint à Narbonne,mit garniſons en Provence, Avignon, Orãge,

499 2435 2091 105 & Thoulouſe; qui ſe conſerverent en toute integrité, ſous l’Empire d'un ſi

509 2513 2076 116 grand Prince, apres avoir ſouffert les pilleries, & invaſions de e Vercingen¬

504 2592 1030 110 torix chef de ceſte grande revolte. f.

541 2645 2039 126 Mais pour un teſmoignage plus particulier de la faveur du Ciel envers nos

499 2734 2102 121 Peres: Dieu voulut qu’au premier commencement de la propagation de

504 2823 2102 105 l'Evangile, la religion Chreſtienne fut preſchée à Orange, par S.Eutrope na¬

504 2897 2091 115 tif d'Egipte, l'un des ſeptante diſciples des Apoſtres. Ce fut lors qu’apres l’aſ¬

504 2960 2081 131 cention de Jeſus Chriſt, & la reception du S. Eſprit, deſirans de publier la foy

504 3044 2081 115 par toute la terre; ils l'envoyerent aux Gaules avec S. Trophime (duquel

504 3128 2081 104 I'Eſcriture ſaincte rẽd teſmoignage)* qui s’arreſta en Arles,& celuy cy a Orã¬

504 3201 2102 115 ge; ou aprés avoir jetté les fondements d'une Egliſe,il mourut; & ſon corps

509 3280 2071 110 fut enſeveli, ſur la montagne dans la ville ancienne, au lieu ou quelque temps

493 3348 2102 136 aprés, fut edifié un temple, à l’honneur de ce ſainct, g maintenant changé en

504 3442 699 116 un baſtion de la Vignaſse.

556 3500 2027 121 Il eſtoit preſent à la Cene de Jeſus Chrift, dit ſa legende. Sur le poteau du

499 3568 2081 132 portal de ce tẽple, devant ſa demolition, eſtoint gravés ces mots Gaudentius

504 3668 2076 110 et Palladius fratri innocentiſſimo fecere. Il y avoit auſſi certaine hiſtoire relevée

509 3742 2076 115 en marbre. Le corps de S. Eutrope eſtoit enſeveli ſous les degrés de l’entrée,

499 3820 2086 105 cela n'eſtoit revelé qu’a certaines perſonnes; nous le verrons en ſon temps,

504 3894 2081 105 ſervir de ſubject d’un foible reſsentiment aux reformés, qui le conſacreront à

509 3978 2071 105 l'ardeur des flammes avec les autres reliques, qui eſtoint gardées en la gran¬

504 4046 2091 110 de Egliſe d’Orange; lors que toutes choſes furent peſle-meſlées dans le la¬

504 4125 2086 126 birinthe inextricable de la confuſion de ces premiers troubles, tant deſcriés

499 4203 404 111 par la France.

541 4277 2054 105 h Quelques uns ont dit, que S. Eutrope eſtoit fils d’un Roy de Bourgogne,

504 4350 2086 111 & qu’il ſut enſeveli à Orange. Il s'en fault raporter à la foy des autheurs plus

504 4429 315 110 veritables.

525 4461 2070 152 i Mais encor le dire de Pline ſecond, en ſon hiſtoire naturelle du monde;

520 4571 2086 131 qu’il à eſcripte du temps de l’Empereur Tite Veſpaſian, eſt bien plus exprés en

520 4650 2070 120 noſtre faveur; Lors que deſcrivant la Gaule Narbonnoiſe, & y comprenant

525 4728 2065 131 les pays du Dauphiné, Languedoc, & Provence, il fait mention d’Orange

514 4796 2076 142 en ces termes. k Quant aux colonies et cités metropolitaines, vivantes ſelon le droict

525 4880 2081 132 eſcript des Romains, qui ſont avant en pays; il y à Arles ou habitent les ſoldats de la

514 4949 2081 157 ſixieſme Legion, Beſiers qui est peuplée des ſoldats de la ſeptieſme Legion, a Orange ceux

525 5048 935 137 de la ſeconde Legion vindrent habiter.

273 1989 205 90 Julius Cç¬

273 2041 173 95 ſar parle

278 2110 195 99 d’Orange.

273 2688 189 67 La reli¬

273 2734 199 79 gi6 Chre¬

273 2792 210 68 ſtienne eſt

273 2844 205 89 preſchée à

267 2907 158 72 Orange

273 2965 210 69 peu apres

267 3012 205 74 l'aſcenſiõ

273 3054 215 121 de Chriſt.

273 3180 209 80 Vie fom¬

273 3243 210 73 maire de

273 3280 215 89 S. Eutro¬

273 3364 73 94 pe.

273 3466 215 97 Y act.des

263 3532 209 73 ch.20.&

278 3595 175 78 21.verſ.

273 3658 68 89 29.

294 4497 142 126 Plinius

283 4602 197 58 Fait ment¬

271 4655 236 73 tion d'O¬

267 4718 167 63 range.

2527 792 47 121 5

2601 787 420 94 e Qua re nũciata Ca¬

2606 865 415 79 ſar omnibus Conciliis

2606 907 404 95 antevertendum exi¬

2602 983 411 71 ſtimavit, ut Narbo¬

2605 1012 411 83 nem proficiſceretur:

2605 1086 412 76 co cum veniſſet : ti¬

2606 1144 404 89 mentes confirmat: pre¬

2610 1201 400 74 ſidia in Rutenis pro¬

2611 1254 399 84 vincialibus : Artomi¬

2609 1312 402 74 cis (qui ſont ceux

2611 1359 399 89 d'orange ) Toloſa¬

2601 1427 420 68 tibus : circumq; Nar¬

2601 1480 415 78 bonem, que loca erans

2606 1537 404 79 hostibus finitima con¬

2606 1595 410 79 ſtituit. Iul. caſ.com¬

2601 1642 396 84 ment. lib.7.cap.3.

2606 1705 415 84 e Vercingentorix bellã

2606 1758 399 78 inferri , Allobrogibus

2606 1821 420 73 jubet : altera ex par¬

2609 1873 406 67 te Gaballos, proximos¬

2606 1942 420 64 que pages Arverno¬

2605 1989 405 58 rum in helvios : item

2603 2051 436 69 Rutenos, Cadurcoſque

2606 2099 410 79 ad fines Volgarum,

2601 2146 409 89 Aremicorumque (des

2606 2214 404 79 Orangeois) de po¬

2605 2267 300 73 pulandos mittit.

2606 2319 416 89 f a A l'indice fait

2606 2382 373 74 par Raymond

2606 2440 422 73 Marcian, ſur les

2611 2471 405 95 Commẽtaires de

2588 2540 436 89 Iulius Cæſar, eſt

2606 2608 420 73 efcrit ce qui s'en¬

2608 2660 402 71 ſuit. Aremici populi.

2606 2713 417 89 vel Artomici extra

2611 2771 394 89 Celtas, Holgas : et

2616 2818 405 94 Aquitanos citra Ro¬

2611 2886 411 79 danum ſluvium, fini-

2611 2939 415 84 timi Volcis, non longe

2606 2996 415 84 à Gaballis, Avernis :

2606 3054 417 79 Helviis , Rutenis ,

2611 3117 416 68 Maſſilienſibus, et Ca¬

2603 3169 413 59 durcis : hos conjectu¬

2606 3228 440 73 ra est fuiſſe Artomi¬

2611 3280 407 78 corum populos, quo¬

2606 3311 404 105 rum civitas est Epiſ¬

2611 3374 416 85 copalis, et Provincia

2616 3448 413 66 Vienenſis, in finibus

2609 3516 404 68 Gallia, Provincia Ro¬

2594 3563 435 74 manorum , quos Au¬

2611 3616 410 72 raſicenſes dicimus, ubi

2603 3673 407 74 Principatus est Fran¬

2611 3710 405 86 corum Regi non ſub¬

2606 3763 121 99 ditus.

2664 3836 362 84 g Duquel j'ay

2611 3898 433 72 veu autrefois ce¬

2606 3946 347 79 lebrer la feſte,

2606 3999 415 89 avec feux de joye:

2611 4046 402 94 en appareil ma¬

2611 4098 416 98 gnifique, ſur ceſte

2611 4151 410 115 Egliſe là le 27 de

2614 4242 438 62 May.Auquel jour

2611 4287 363 84 on liſoit auſſi ſa

2616 4324 216 137 Legende.

2636 4398 373 63 h Cæſar Noſtre

2616 4455 405 70 damus en ſon hiſt.

2616 4497 347 100 de Provence. I.

2622 4550 99 110 part.

2658 4625 363 72 i In Mediterranee

2616 4650 405 94 Colonia, Arelate Sex¬

2611 4728 421 68 tanorum, Blittera Se¬

2616 4781 422 81 ptumanorum, Arau¬

2627 4849 341 73 ſio Secundanorum.

2622 4870 388 105 Plin. ſecund. l. 3.c.4¬

2637 4949 389 84 k Ce ſont les ter¬

2622 4996 399 89 mes du Pinet en ſa

2632 5054 378 78 verſon Françoiſe

1676 5113 152 143 A 3

2359 5085 231 126 Le tiltre
