4017 6244
967 947 396 66 Vrbium quas habet,

964 1004 362 67 opulentiſſime ſunt

962 1045 404 79 Vaſio Vocuntiorum,

965 1108 398 65 Vienna Allobrogum,

974 1170 368 65 Avenio Canarum,

973 1201 385 99 Arecomicorum Ne-

967 1277 395 52 mauſus, Toloſa Tecto-

962 1321 410 76 ſagũ, Secundanorum

962 1378 396 72 Arauſio,Sextanorum

962 1430 403 66 Arelatæ, Septumano¬

967 1482 391 69 rum Bliteræ. Pompon.

962 1534 396 72 Mel. de ſit. orb.lib.2.

962 1597 125 104 cap.5.

1404 833 89 106 6

1451 910 2009 125 Le tiltre que Pomponius Mela luy attribue, n'eſt pas moins ancien, que

1394 1004 2055 109 plain d’honneur, & de gloire; lors qu’il la qualifie du nom de Cité tres-opu¬

1389 1066 2050 107 lente, avec les plus celebres de toute la Gaule Narbonoiſe. Et Conſtantin

1378 1144 2088 115 fils de Cõſtantin le grand, l’honnora de ſa demeure pour quelque temps à ſon

1394 1227 2055 115 paſſage, lors que ſon Pere l'envoya, pour l’adminiſtration des Gaules Trans-

1399 1306 2061 109 alpines ,y ayant fait une belle & magnifique entrée; en memoire de laquel¬

1389 1384 2076 104 le, les habitans ont conſervé juſques à ce jourdhuy une honnorable relique

1394 1451 2061 125 d'une Colomne, on ſont gravés ces mots, Constantino pio nobili, Cæſaris Con¬

1378 1529 391 130 ſtantini pii fiſlio.

1456 1628 2009 115 Mais quand le teſmoignage de tant de grands perſonnages nous defau¬

1384 1706 2081 104 droit; ces beaux & ſomptueux monuments des antiquités Romaines, qui

1384 1784 2076 104 ſemblent avoir voulu combatre le temps, par leur durée; pour conſacrer à

1384 1847 2086 119 l'eternité, la grandeur de leur triomphe: l'excellence de la ſtructure de ce

1384 1935 2071 109 grand Arc Triomphal, & la dignité du ſujet, qui le fit eriger : les ufages du

1394 1998 2071 119 Theatre ou Cirque, & l’admirable forme de ce baſtiment, qui à eſté la pre¬

1389 2086 2076 109 miere inventée; meſmes avant les Amphitheatres, qu’on voit és autres villes

1389 2154 2071 104 de l’Europe,ſont des vrais arguments & des teſmoins irreprochables, de l'an¬

1389 2227 2076 119 cienneté de la ville d’Orange, en ſon commencement & en ſon origine, en ſa

1394 2310 2100 114 grandeur & en ſa magnificence. Ce qui nous apparoiſtra plus clairement, par

1384 2383 1306 125 la deſcription generalle,& particuliere d'icelles.

1752 2571 1381 98 Plan det Murs antiqs de la ville d’Orange.

1508 2726 1957 104 E nom de celuy qui à baſti les Murs antiqs, de ceſte celebre ville, eſt de¬

1389 2741 130 204 L

1524 2809 1941 98 meuré enſeveli, dans ſes frequentes ruines. Les tenebres d’une ſi ſombre

1519 2877 1936 114 antiquité, en ont deſrobé la cognoiſſance,& ne me permetent d’en parler

1384 2950 2076 109 qu'a taſtons. Mais tant de ſiecles paſsés, deſpuis ſa premiere fondation, n’ont

1394 3033 2071 89 peu entierement effacer tous ces viſibles teſmoignages, de la grandeur an¬

1387 3101 2083 119 cienne de ſes Murs, ny les traces & veſtiges honnorables qu'elle en à laiſsé à la

1388 3199 272 78 poſterité.

1477 3256 1975 104 Son circuit eſtoit d’environ un' heure & demy de chemin, & embraſſoit

1399 3357 2050 87 toute la montagne du Chaſteau, juſques à la Draperie, qui s’eſtend prés d'une

1394 3402 2071 105 mouſquetade, par de là,la vignaſse du coſté du midy; comprenant la fontaine

1399 3486 2056 99 de lavacrum qui eſt ſous l’angle regardant, le couchant. Avant la derniere

1389 3553 2076 104 fortification du Chaſteau, qui fut faite en l’année 1622.& 23. en ce meſme

1394 3631 2061 109 endroit de la Draperie, paroiſſoit un grand & large foſsé tiré en droicte ligne

1382 3704 2083 124 du levant au couchant, avec les vielles Murailles à demy entieres, & leurs

1389 3788 2060 109 tours rondes à la Grecque de cinquante en cinquante pas, en aucuns endroits

1394 3860 2061 110 elles eſtoyent de plus de quinze pieds de haut, & preſque en deffence; plu¬

1389 3933 2071 120 ſieurs qui les ont veues comme moy, me cautionneront de ceſte verité;

1394 4011 2055 104 és meſmes années 1622. & 23. elles furent applanies & les foſsés com¬

1389 4084 2076 109 blés du terrain des pieces & des fonds qui l’aboutiſsoyent, lequel en fut oſté

1394 4157 2076 125 juſques à la roche, pour empecher que l’ennemy ne s'y peut couvrir en cas

1394 4251 255 104 de ſiege.

1472 4308 1998 114 De là ces Murailles deſcendoyent du coſté d’Orient, le long du pendant

1389 4381 2076 119 de la montagne, ou ſe voyent encor par tout leurs Mafures A leurs vieux.

1394 4464 2076 114 foſsés; & paſsans aſsés proche de la Chapelle S. Lazare le vieux, laiſsoint

1389 4542 2076 109 une porte à l'endroit du deſtour du grand chemin, tirant de la porte de pour¬

1389 4615 2071 109 toules à Courtheſon: la elles ſe voyent d’envirõ douze pieds d'hauteur avec

1384 4688 2076 119 la forme de leurs tours plus ruinées que la muraille; puis continuans en long

1389 4771 2081 104 du mydi au ſeptemtrion, cernent une terre aſsés grande du coſté du levant, &

1389 4849 2071 102 paſſent le long de la Meyne appellée en cet endroit le Pertuis; vont juſques

1389 4948 2076 73 au pont qui porte le nom de la Tourraque, & ſe perdent dans le foſsé du ba-

1383 4984 2078 240 ſtion, qui l'angle la proche appellé de la Tourraque; au fonds duquel pa-

1767 806 1360 130 Plan des Murs antiqs d’Orange.

966 3648 422 78 Les murailles de

966 3704 407 73 la ville de Pla¬

967 3762 406 77 tées au rapport de

974 3819 399 72 Thucidide eſto¬

978 3876 390 65 yent compoſées

973 3923 390 88 de meſme façon.

3486 2752 161 83 On ne

3488 2819 226 70 ſçait l’au¬

3481 2861 223 89 theur des*

3488 2924 237 83 Murs an-

3481 2998 107 69 tiqs.

3481 3295 229 63 Leur cir¬

3481 3350 223 73 cuit eſt vi¬

3480 3408 105 74 ſible.

3231 5078 239 99 roiſsent
