3998 6299
651 1091 1975 105 ’Aſſiete de ceſte ville ne cede en beauté à aucune autre de l’Europe; elle

651 1160 1965 120 eſt aſſize dans la plaine, au pied d’une petite montagne, qu'elle à dos en

651 1249 1954 110 ſon midy. Son territoire eſt tres-grand, à droite & à gauche derriere elle,

530 1307 2086 136 comme ſur petits tertres ſont ſitués les plus legers fonds, propres à produire

514 1401 2102 105 les plus excellens vins de la contrée, appellés par excellence vins de Cou¬

514 1475 2086 115 doulet, derivé du nom de caillou dont la terre eſt couverte en ce quartier là.

504 1548 2112 115 Le reſte du quartier eſt en garrigues & bruieres ſervans à la nourriture du

504 1632 2112 110 menu beſtail qui rend des laines fort fines: ce qui en eſt desfriché ſe conver¬

504 1705 2107 121 tit utilement à la nourriture des meuriers, la feuille deſquels eſt employée

504 1779 2107 115 â l'eſlevation des vers à ſoye. Et comme ce quartier la ſe rancontre naturele¬

514 1852 2086 132 ment plus ſec que les autres de la plaine; la nature la pourveu d'un bel eſtang,

514 1942 2086 105 qui nourrit quantité de poiſſons, Canars, & autres oiſeaux aquatiques : ou¬

499 2005 2117 120 tre qu’il n'a faute de tres bonnes eaux, par le moyen des puits, qui y ſont, &

499 2094 1434 110 de pluſieurs ſources qui y jaliſſent en maints endroits.

583 2167 2007 121 Au devant de ſes Murs, on voit l'eſtendue d’une belle & grande plaine, ſans

499 2236 2106 120 interruption de vouſures ou coſtaus, bornée toutefois par les montagnes des

499 2325 2101 105 eſtats voiſins, comme il à eſté dit : ſemblable à un grand jardin ou à un beau

493 2398 2112 147 verger, à cauſe du grand nombre d'arbres qui l’embeliſſent ; contenant grand

493 2482 610 116 nombre de metairies.

577 2551 2002 120 Lors que la cuillete eſt mediocre, elle donne du Bled à ſes habitans, beau¬

499 2640 2096 110 coup plus qu’il n'en faut pour leur nouurriture : fait regorger leurs cuves de

499 2708 2101 116 vin, pour en diſtribuer aux eſtrangers: produit le Saffran en abondance, qu’ils

504 2792 2109 90 debitent aux peuples ſeptemtrionaux : & nourrit de tres gros Meuriers

493 2850 2132 121 blancs, pour les vers à ſoye,qui leur revienent à grande utilité: les arbres frui¬

493 2950 2102 105 tiers y donnent pluſieurs ſortes de fruits ſavoureux ; & les claires & limpides

488 3013 1518 115 ſources,de pluſieurs belles fontaines y jaliſſent par tout.

577 3091 1997 121 Ceſte grande & celebre riviere du Rhoſne, moville ce beau terroir,du co¬

493 3165 2102 120 ſté d’occident, à une lieüe loin. (d’ou on pourroit facilement deriver un ca¬

493 3243 2102 111 nal, juſques à la ville, pour la commodité du commerce, & de la debite de

488 3343 2102 95 tant de danrées; deſſein autrefois reſollu, mais depuis abandonné, par le mal¬

488 3406 2102 105 heur des troubles.) La riviere d'Egues le traverſe d'un coſté; puis ſeva deſ¬

488 3490 2102 116 gorger dans le Rhoſne, en ce meſme endroit, vers le port de Balthezard. La

488 3564 2096 99 riviere de la Meine, formée la plus part, des eaux des fontaines, qui ſe raſſem¬

483 3632 2101 110 blent dans la plaine du coſté d’orient paſſe le long de ſes murailles , rampliſ¬

483 3705 2107 121 ſant ſes foſsés; & faiſant moudre quantité de moulins de toute ſorte; ſervant

483 3789 2101 132 auſſi à l’arrouſage des champs, & à d'autres utilités publiques & particulie¬

493 3863 100 126 res.

567 3931 2012 131 Le corps de la ville eſt beaucoup diminué de ſon ancienne grandeur, ſes

499 4015 2075 116 rues n’ont pas la beauté n'y de celles d’Italie, n'y de celles d’Hollande: à cauſe

488 4094 2086 115 des frequentes ruines, qui y ſont ſurvenues, apres leſquelles les habitans ne re¬

478 4167 2101 137 baſtiſſoient, que pour la neceſſité, & non pour le delice. Comme ces vieux

493 4257 2097 115 Romains qui reparoyent haſtivement les ruines de leur ville, apres l’invaſion

483 4330 2091 110 des Gaulois. Mais ſi eſt elle des mieux peuplées, & des plus riches du païs ,

483 4404 2091 120 grandement accreüe en baſtimens & en belles maiſons; depuis que nos

488 4488 998 110 Princes y ont reſtabli leur authorité.

572 4556 1991 121 Ses nouveaux Murs ſont baſtis, à la forme de ceux des villes de l’Empire,

504 4619 2070 126 (nom qui comprend toutes celles,qui ſont deça le Rhoſne: les autres qui ſont

504 4708 2054 121 de là la riviere, du coſté de Languedoc, ſurnommées du nom de Royaume)

493 4787 2086 105 avec leurs tours à la mode du temps & du païs. Elles ont un terre-plein der¬

483 4860 2096 110 rier en forme de rempart; & devant des fauces brayes, communement ap¬

499 4944 2075 116 pellées Barrions, tous crenelés, rendans la façade de la ville, de plus belle re¬

499 5023 2070 142 preſentation. Elle fut fortifiée es années 1622. & 23. de cinq grands baſ¬

283 1097 206 92 Son Aſ¬

288 1175 106 79 ſiete.

514 1087 147 235 L

866 944 1408 121 plan de la nouvelle Ville et Chaſteau d’Orange.

278 1364 209 78 Son ter¬

281 1422 106 89 roir.

278 1889 179 89 Ses vins

273 1952 215 89 & ſa ſoye.

259 2188 224 116 Sa plainc.

257 2545 231 158 Ses Bleds.

2558 771 68 200 9

262 2771 216 83 Son Saf¬

257 2834 105 95 fran.

262 3094 205 123 Ses rivie¬

257 3180 79 95 res.

252 3277 231 103 Le Rhoſ¬

246 3348 84 79 ne.

252 3453 146 116 Egues.

251 3620 227 94 La Mei¬

257 3684 68 90 ne.

262 4010 224 74 Corps de

256 4068 164 63 la ville.

262 4115 210 78 Ses Rues.

252 4582 198 89 Eſtofe &

257 4629 215 100 forme de

246 4677 226 125 ſes Murs.

2595 4183 410 105 Tit. Liv. decad.I.

2595 4251 415 84 lib.5. in fin. par¬

2595 4325 410 73 lãt de Rome apres

2596 4377 414 69 l’invaſiõ des Gau¬

2600 4440 405 69 lois dit que : Fe¬

2600 4498 405 68 ſtimatio curam exemit

2600 4551 421 63 vicos dirigendi, dum

2600 4603 399 84 omiſſo ſui alienique

2590 4661 404 68 diſcrimine in vacuo

2584 4698 415 79 ædiſicant, quod fit ut

2594 4766 405 65 forma urbis fit oceu¬

2595 4823 404 74 pate magis quam di¬

2595 4881 222 83 viſæ ſimilis.

266 4991 206 81 Ses forti¬

257 5049 194 100 fications.

1604 5091 69 106 B

2418 5107 165 110 tions
