1749 2481
591 70 437 56 Franciſcus Deſ-ruës,

591 115 437 64 En fis diſcurſu ſacer.

484 206 648 66 En fis diſcurſu ſacer: Ipſa tui ſacra profert

517 260 633 52 Nominis egregij ſors, opus hocq; melos.

879 308 290 43 lac. de chun-repus.

488 403 718 62 AD DOMINVM RVT ANVM

585 452 509 56 in ſuas Margaretas Gallicas.

641 521 420 47 EPIGRAMMA.

517 560 482 64 Si fontes, fluuij, feræ, paludes,

496 614 609 49 Montes, robora, ſunt ſecuta quondam

496 653 584 56 Vocem melli fluam canentis Orphei,

496 696 576 46 Per mirum: ſed ego magis ſtuperem,

498 733 601 52 Ni te ſuaui loquus ſequatur Orpheus,

505 775 548 49 Quem dulci eloquio ter anteuertis.

906 806 311 58 And. Boeda. Cœnom,

527 895 654 80 SVR LES FLEVRS

562 965 599 54 DE BIEN DIRE, RECVEIL¬

623 1008 484 73 lies par le Sieur Deſ-ruës.

540 1097 689 71 Amans ne cerhez plus dans les liures d'amour

515 1155 488 46 Le langage poly, ny la belle parole:

519 1195 687 45 Deſ-ruës vous fait voir par ces fleurs de diſcours

519 1232 619 60 Ce qui eſt de plus rare en l’amoureuſe eſcole.

1039 1273 190 75 N. CH. P.
