1749 2481
494 128 714 70 A MONSIEVR DES

560 192 611 54 RVES SVR SES MAR¬

583 241 569 60 guerites Françoiſes, ou threſor

641 285 439 60 des Fleurs du bien dire.

718 374 300 62 SONET.

525 477 698 48 Ces fleuriſſantes Fleurs, qu'vn gracieux Zephire

513 523 687 47 Embaſme ſous le flair de tes plus doux accords,

507 562 583 47 Deſ-ruës ie les voy tramer vn long retorts

509 599 670 56 De tes ans bien heureux, dont la mort ſe retire.

542 678 615 47 La diuine beauté, que tout le monde admire,

513 721 708 48 Beauté, dont les vertus feuriſſent iuſqu'aux bords

513 758 650 48 De tout c'eſt vniuers)peut voir en ſes threſors

513 802 658 47 Qui ſans elle ces feurs n’euſſent choiſi ta lyre.

552 876 675 52 O fleurs,heureuſes fleurs, qui portez le beau nom

513 922 590 47 Des merueilles de France,eſleuez le renom

513 959 650 49 De celuy qui vous chante auec tant de merite.

548 1035 675 54 Sa Muſe & voy beautez viurõt malgré le temps,

511 1077 708 55 Car,Fleurs, vous deuez eſtre un eternel Printemts,

513 1116 637 56 Pour fleurir ſous les pas de ceſte Marguerite.

807 1203 362 56 La Chapelle, Peintre.
