2062 3056
1445 2727 183 122 ã ij

512 376 1024 133 AVX LECTEVRS.

642 560 1160 122 OICY le larron Promethée qui au

647 651 1165 125 Iieu de grace demande gré de ſon

637 753 1175 107 crime, & penſe vous pouvoir ju¬

239 817 398 150 V

649 848 1165 109 ſtement faire preſent de ce qui

231 947 1578 112 n’eſt pas à lui, comme ayant deſrobé pour vous

229 1039 1580 114 ce que ſon Maiſtre vous deſroboit, a ſoy-meſme,

234 1130 1585 120 & qui plus eſt, ce feu que j’ay volé mouroit ſans

224 1224 1593 118 air, c’eſtoit un flambeau ſous le muy, mon cha¬

231 1326 1581 95 ritable peché l’a mis en evidence: Ie di charita¬

234 1410 1588 115 ble à vous & à ſon Autheur. Du milieu des extre¬

234 1505 1585 119 mitez de la France & meſme de plus loin, notam¬

237 1604 1585 112 ment d’un vieil Paſteur d’Angrongne, pluſieurs

239 1696 1583 109 eſcripts ſecondoient les remonſtrances de vive

247 1787 1575 115 voix, par leſquelles les ſerviteurs de Dieu lui re¬

249 1887 1573 107 prochoient le talent caché, & quelqu’un en ces

247 1981 1577 99 termes: Nous ſommes ennuiez de livres qui en¬

249 2075 1575 102 ſeignent, donnez nous en pour eſmouvoir, en un

247 2162 1567 101 ſiecle où tout zele Chreſtien eſt pery, où la dif¬

247 2256 1577 109 ference du vray & du menſonge eſt comme abo¬

242 2350 1588 110 Iie, où les mains des ennemis de l’Egliſe cachent

247 2444 1572 110 le ſang duquel elles ſõt tachees ſoubs les preſens,

247 2536 1583 104 & leurs inhumanités ſous la liberalités. Les Adia¬

252 2630 1580 135 phoriſtes, les prophanes mocqueurs, les trafic¬
