2076 3058
747 71 505 109 EPISTRE.

198 188 1597 117 l'Auteur comãdoit quelques chevaux-legers, & ſe

198 285 1597 115 tenant pour mort pour les plaies receües en un

206 389 1597 105 grãd cõbat, il traça cõme pour teſtamẽt cét ouvra

209 476 1594 110 ge, lequel encores quelques années aprés il a peu

206 565 1599 115 polir & emplir. Et où ſont aujourd’huy ceux à qui

201 657 1602 110 Ies actiõs, les factiõs & les choſes mõſtrueuſes de

209 749 1599 114 ce tẽps là ſont conües ſinõ à fort peu, & dans peu

206 848 1599 110 de jours à nul? Qui prẽdra aprés nous la peine de

211 945 1589 107 lire les rares hiſtoires de noſtre ſiecle opprimées,

206 1029 1607 120 eſteintes & eſtouffées par celles des charlatãs ga¬

214 1126 1596 115 gez? & qui sãs l’hiſtoire prẽdra gouſt aux violéces

209 1223 1601 109 de noſtre autheur? Dõcques avãt le reſte de la me¬

216 1317 1599 104 moire, du zele & des ſainctes paſsions eſteinctes,

214 1409 1612 102 mõ bon, mon violẽt deſir ſe changea en courage:

211 1500 1609 115 Ie deſrobay de derriere les coffres & deſſoubs

216 1597 1617 107 les armoires les paperaſſes crottées & deſchirées

221 1694 1612 105 deſquelles j’ai arraché ce que vous verrez. le failli

224 1796 1599 89 encor à quitter mõ deſſein ſur tãt de litures & d'a¬

219 1880 1604 110 breviatiõs & mots que l’autheur meſme ne pou¬

226 1972 1602 112 voit lire pourla precipitatiõ de sõ eſprit en eſcri¬

229 2071 1594 102 vãt: les lacunes que vous y verrés à regret me de¬

232 2160 1604 113 pleurẽt au cõmẽcemẽt, & puis j'ay eſtimé qu'elles

232 2252 1606 110 cõtraidrõt un jour un bõ pere de ne laiſſer pas ſes

237 2347 1594 99 enfãs ainſi eſtroppiez: le croy meſme que nous a¬

234 2438 1599 105 menerõs l’autheur à favoriſer une edition ſecõde

239 2527 1592 107 où nõ ſeulemẽt les deffauts ſerõt rẽplis, mais quel¬

237 2622 1604 135 ques annotatiõs eſclaircirõt les lieux plus diſfici[[]]

1407 2716 227 130 ã iij
