2068 3058
698 89 490 84 EPISTRE.

152 173 1597 125 avec un ſoin & labeur indicible, comme eſtimãt

158 265 1586 135 Ia principalle partie du Capitaine d’eſtre pre¬

160 354 1586 140 ſent à tout: les plus gentilles de ſes pieces ſor¬

163 451 1586 117 toiẽt de ſa main, ou à cheval où dãs les trẽchees:

163 542 1591 133 ſe delectant non ſeulement de la diverſion, mais

158 637 1593 132 encore de repaiſtre ſon eſprit de viandes hors

155 731 1596 135 de temps & faiſon: nous luy reprochions familie¬

160 830 1596 125 rement cet Empereur qui ne vouloit le poiſſon

155 925 1601 122 de mer que porté de cent lieües: ce qui nous faſ¬

155 1009 1604 130 choit le plus, c’étoit la dificulté de lui faire relire.

165 1111 1576 127 Quelqu’un dira, Il y paroiſt en pluſieurs endroits,

155 1197 1601 140 mais il me ſemble que ce qui a eſté moins parfaict

165 1299 1591 133 par ſa negligence vaut bien encor la diligence

168 1388 1588 135 de pluſieurs, j’en dirois d’avantage ſi l'exceſsive

158 1485 1601 130 Iouange de mõ Maiſtre n’eſtoit en quelque façon

163 1582 1586 127 la miẽne. I'ay pris quelques hardieſſes envers luy

170 1689 1589 110 dont je penſe en devoir toucher quelques unes:

165 1765 1589 128 cõme ſur quelques mots qui ſentent le vulgaire,

163 1862 1596 123 avãt nous reſpõdre il fourniſſoit touſiours le vers

165 1952 1594 129 ſelon noſtre deſir, mais il diſoit que le bon-hõme

163 2043 1596 133 Ronſard lequel il eſtimoit par deſſus ſon ſiecle

168 2138 1601 130 en fa profefsion, diſoit quelque fois à luy & à

175 2237 1584 110 d’autres. Mes enfans deffendez voſtre mere de

163 2324 1596 127 ceux qui veulent faire ſervante une Damoiſelle

168 2418 1588 125 de bõne maiſon. Il y a des vocables qui ſont Frã¬

170 2517 1594 120 çois naturels qui ſentent le vieux, mais le libre &

160 2601 1584 156 le François: comme, dougé, tenve, empour, dorne,

1305 2713 232 153 ã iiij
