2087 3087
792 64 479 110 EPISTRE.

298 169 1583 126 bauger, bouger, & autres de telle lorte. Ie vous

301 270 1580 110 recommande par teſtament que vous ne laiſsiez

308 367 1565 116 point perdre ces vieux termes, que vous les em¬

308 452 1573 124 ploiez & defendiez hardiment contre des ma¬

306 553 1577 115 raux qui ne tiennent pas elegãt ce qui n'eſt point

306 643 1577 118 eſcorché du Latin & de l’Italien, & qui aiment

298 740 1583 114 mieux dire collauder, contemner, blaſonner

301 833 1577 116 que loüer, meſpriſer, blaſmer: tout cela eſt pour

303 928 1580 108 I'eſcholier de Limoſin: voila les propres térmes

303 1021 1583 116 de Rõſard. Aprés que nous luy remõſtriõs quel¬

306 1116 1585 113 ques rythmes qui nous ſembloiẽt maigres, il nous

303 1206 1585 116 diſoit que Ronſard, Beze, du Beflai & Iodelle ne

298 1301 1601 108 Ies avoient pas voulu plus ſecondes, qu’il n’eſtoit

313 1396 1578 114 pas raisõnable que les rythmeurs impoſaſsẽt des

298 1489 1590 118 Ioix ſur les poëmes. Sur quelques autres dificul¬

298 1587 1595 115 tez, comme ſur les preterits feminins apres les

303 1679 1588 114 accuſatifs & telles obſervations, il donnoit cela

295 1772 1598 116 à la licence & quant & quant à la richeſſe de la

298 1865 1603 120 langue. Toutesfois toutes ſes œuvres de ce tẽps

298 1957 1593 124 ont pris les loix du temps. Et pour les rythmes

303 2055 1588 118 des ſimples aux compoſez ou des compoſez aux

308 2153 1588 118 autres, il n’y en a que trois ou quatre en tout

311 2243 1582 121 l'œuvre: il approuve cette rigueur & l'a ſuivie au

308 2333 1583 126 temps qu'elle a eſlé eſtablie, ſans toutesfois vou¬

303 2428 1593 116 loir ſouffrir que les premiers Poëtes de la France

306 2521 1587 118 en ſoient meſeſtimez. Voila pour les eſtofes

301 2621 1592 152 des parties. Voici pour la matiere generale, &

1739 2724 147 108 puis
