2054 3049
668 63 483 94 EPISTRE.

165 154 1601 130 qui meritent un nom plus haut, comme eſcriptes

165 261 1586 122 avant les choſes advenues: je maintien de ce

170 358 890 124 rang ce qui eſt à la preface

376 447 773 132 Ie voi venir avec horreur

383 556 1101 137 Le jour qu'au grand Temple d'erreur

172 706 956 127 Et ce qui ſenſuit de la ſtance.

256 802 1498 122 Aux Princes, où tout ce qui eſt dit du faucon¬

162 904 1597 112 nier qui tue ſon oyſeau par une corneille eſt ſur

165 996 1594 114 Ia mort du Roy Henry troiſieſme, & puis aux en¬

165 1097 1599 104 droicts qui denotent la mort d’Henry quatrieſme

170 1186 1594 117 que je monſtrerois eſtre dit par prediction ſi les

170 1280 1596 125 preuves ne deſignoiẽt trop mõ autheur: Vous re¬

170 1374 1591 107 marquerez auſsi en la diſpoſitiõ la liberté des en¬

170 1468 1586 122 trees avec exorde ou celles qu’on appelle abrup¬

162 1560 1597 111 tes. Quãt aux tiltres des livres je fus cauſe de fai¬

167 1656 1597 112 rre oſter des noms eſtrangers, comme au troiſieſ¬

162 1750 1597 114 me Vbris, au dernier Dan, aymant mieux que

170 1849 737 109 tout parlaſt François.

236 1936 1533 109 Or Voila l’eſtat de mõ larcin, que le pere plein

170 2032 1599 112 de vie ne pourra ſouffrir deſchiré & mal en point

170 2124 1599 127 & le pied uſé cõme ſont les chevaux d’Eſpaigne

170 2220 1601 120 qu’on deſrobe par les mõtagnes. Il ſera cõtrainct

177 2314 1592 122 de rẽplir les lacunes, & ſi je fai ma paix avec luy je

175 2408 1596 122 vous promets les Cõmẽtaires de tous les poincts

175 2500 1596 122 difficiles qui vous rẽvoyroiẽt à une penible recer¬

170 2596 1594 143 che de l’Hiſtoire ou à l'onomaſtic. I’ai encores par

1321 2695 224 132 ẽ ij
