2053 3080
778 30 483 95 EPISTRE.

246 123 1198 125 Suit l'Estat populaire inferieur des trois:

254 233 1395 108 Tout peut ſe maintenir en regnant par ſoi-meſme

256 323 1344 115 Mais j'appelle les Rois ploiez ſous un Supreme

267 423 1223 98 Tyrans tyranniſez & non pas de vrais Rois.

256 592 1365 139 Le Monarque du Ciel en ſoi prend ſa juſtice.

246 703 1138 115 Le Prince de l’Enfer exerce le ſupplice

251 793 1378 128 Et ne peut ſes rigueurs esteindre ou eſchauffer.

256 898 1393 118 Le Roi regnant par ſoi auſsi humble que brave

267 988 1230 115 Eſt l'image de Dieu: mais du Tyran eſclave

262 1090 1182 116 Le dur gouvernement image de l'Enfer.

352 1275 1343 126 Celui n'eſt ſouverain qui reconnoist un maiſtre,

254 1370 1310 121 Plus infame valet qui eſt valet d’un Preſtre:

251 1470 1429 116 Servir Dieu c'est regner, ce regne eſt pur & doux.

251 1570 1396 116 Roix de Septentrion, heureux Princes et ſages,

251 1676 1311 107 Vous eſtes ſouverains qui ne devez hommages

254 1753 1197 120 Et qui ne voiez rien entre le Ciel et vous.

352 1945 1500 128 Voila le plus au vif que j’ay peu le crayon de

262 2048 1600 118 mon Maiſtre, quant à ſon nom on n’exprime point

262 2138 1595 120 Ies noms dans les tableaux il eſt temps que vous

267 2235 1593 126 l'oyez par ſa bouche, de laquelle vous n’aurez

269 2327 1578 157 point de loüanges ſerviles mais bien des libres

274 2443 635 180 & franches veritez.
