2048 3052
300 263 1297 245 PREFACE

432 541 1135 127 L’AVTHEVR A SON LIVRE.

208 694 384 435 V

600 648 862 115 A Livre, tu n'es que trop beau

600 740 814 96 Pour estre né dans le tombeau

602 839 825 81 Duquel mon exil te delivre:

602 907 939 120 Seul pour nous deux ie veux perir:

595 994 893 102 Commence mon enfant à vivre,

618 1088 842 117 Quand ton pere s'en-va mourir.

274 1177 685 104 Encores vivrai-je par toi

195 1256 934 117 Aon fils, comme tu vis par mois:

198 1353 901 99 Puis il faut, comme la nourrice,

195 1429 720 109 Et fille du Romain griſon,

216 1515 824 107 Que tu allaicte & tu cheriſſe,

200 1602 817 94 Ton pere, en exil, en priſon.

269 1683 804 102 Sois hardi, ne te cache point:

193 1770 888 104 Entre chez les Rois mal en point:

203 1854 809 111 Que la pauvreté de ta robbe

198 1950 730 89 Ne te face honte, ni peur,

195 2029 733 102 Ne te diminuë ou desrobe

195 2113 669 104 La ſuffiſance ni le cœur.

264 2197 855 104 Porte, comme au Senat Romain,

195 2283 751 100 L'advis & l'habit du vilain

216 2360 837 117 Qui vint du Danube ſauvage

193 2461 786 92 Et monftra hideux, effronté,

195 2538 799 107 De la façon, non du langage

195 2627 631 132 La mal plaiſante verité.
