2048 3052
717 76 432 76 PRÆFACE.

318 144 831 107 Bien que de moi des-ja ſoit né

234 228 849 110 Vn pire & plus heureux aiſné,

231 317 985 115 Plus beau & moins plein de ſageſſe:

226 406 837 110 Il chaſſe les Cerfs & les ours,

239 485 717 112 Tu deſniaiſes ſon aiſneſſe,

213 579 842 89 Et ſon partage eſt en amours.

318 673 885 97 Mais le ſecond pour plaire mieux

218 745 730 91 Aux vicieux fut vicieux:

221 829 888 112 Mon eſprit par luy fit eſpreuve

221 923 832 101 Qu'il eſtoit de feu tranſporté:

221 1002 926 104 Mais ce feu plus propre ſe treuve

221 1086 801 101 A brûſler qu'à donner clarté.

307 1169 858 110 I'eus cent fois envie & remord

216 1264 911 99 De mettre mon ouvrage à morts:

221 1347 712 92 Ie voulois tuer ma folie,

218 1414 850 122 Cet enfant bouffon m'appaiſoit.

218 1510 781 97 En fin, pour la fin de ſa vie

223 1589 835 104 Il me deſpleut, car il plaiſoit.

305 1676 773 109 Suis-je faſcheux de me joüer

221 1762 773 84 A mes enfans, de les loüer?

221 1846 814 99 Amis pardonnez-moi ce vice,

226 1927 873 115 S’ils ſont camus & contrefaicts,

226 2019 722 97 Ni la mere ni la nourrice

231 2098 1028 119 ne trouvent point leurs-enfans laids.

302 2192 725 99 Ie penſe auoir eſté ſur eux

226 2268 761 115 Et pere & iuge rigoureux:

234 2357 781 104 L'vn à regret a eu la vie,

236 2439 875 109 A mon gré chaſte & aſſez beau:

234 2522 702 100 L'autre enſevelit ma folie

246 2606 781 138 Dedans un oublieux tombeau.

964 2683 215 142 A ij
