2044 3052
641 76 461 94 PRÆFACE.

257 155 707 89 Tu es circui, non ſurpris,

175 244 736 101 Et menacé ſans eſtre pris:

173 325 842 112 Le dragon ne peut & s'eſſaie:

175 414 845 92 Il ne pent nuire que des yeux,

175 493 756 112 Aſſez de cris & nulle plaie

180 579 792 102 Ne force le deſtin des Cieux.

264 653 884 125 Quel chasteau peut ſi bien loger?

201 745 929 114 Quel Roi ſi heureux qu'un berger?

196 831 875 112 Quel Sceptre vaut une houlette?

185 920 957 107 Tyrans, vous craindrez mes propos:

183 1012 807 84 I'aurai la paix en ma logette,

180 1093 764 94 Vos Palais ſeront ſans repos.

257 1164 840 97 Ie ſens ravir dedans ler Cieux

183 1253 942 94 Mon ame außi bien que mes yeux,

206 1342 898 100 Quand en ces montagnes i'adviſe,

185 1424 817 102 Ces grands coups de la verité,

183 1508 868 104 Et les beaux combats de l'Egliſe

188 1599 680 105 Signalez à la pauvreté.

252 1676 837 106 Ie voi les places & les champs,

175 1762 855 104 Là où l'effroi des braves camps,

190 1849 851 106 Qui de tant de rudes batailles

178 1940 901 97 R'apportoient les fers triomphans,

175 2019 960 97 Purent les chiens de leurs entrailles

183 2108 914 104 Deffaicts de la main des enfans.

254 2202 939 107 Ceux qui par tant & tant de fois

175 2283 894 95 Avoient veu le dos des François,

180 2365 833 94 Eurent bras & cœur inutiles:

180 2444 912 112 Comme Cerfs paoureux & legers,

175 2530 861 99 Ils ſe virent chaſſez trois mille

170 2609 794 140 Des fondes de trente bergers,

824 2698 227 117 A iiij
