2029 3038
666 73 448 86 PRÆFACE.

276 144 739 109 Ie n'excuſe pas mes eſcrits,

200 235 813 104 Pour ceux-la qui y ſont repris:

202 311 920 109 Mon plaiſir eſt de leur deſplaire:

207 405 849 96 Amis, je trouve en la raiſon,

202 488 1044 106 Pour vous & pour eux fruict contraire,

202 574 697 101 La medecine & le poiſon.

286 660 924 99 Vous lourez Dieu, ils trembleront,

210 741 828 107 Vous chanterez, ils pleureront:

207 827 922 107 Arguments de rire & de craindre

202 918 1051 104 Se trouve en mes vers, en mes pleurs,

210 1000 881 93 Pour redoubler & pour esteindre,

210 1088 856 96 Et vos plaiſirs & leurs fureurs.

288 1169 791 106 Ie plains ce qui m'eſt ennemi

215 1250 912 101 Les monstrant j'ai pour eux gemi:

217 1344 882 101 Car qui veut garder la iustice,

215 1425 724 101 Il faut haïr diſtinctement,

212 1513 900 97 Non la perſonne, mais le vice,

212 1602 884 94 Servir, non cercher l'argument.

296 1681 831 98 Ie ſçai que les enfans bien nez

220 1769 899 99 Ne chantent, mais ſont estonnez,

220 1853 866 96 Et ferment les yeux, debonnaires,

225 1934 838 106 (Comme deux des fils de Noé,)

227 2025 811 94 Voians la honte de leurs peres,

238 2101 744 114 Que le vin fumeux a noyé.

296 2187 785 106 Ainſi vn temps, de ces felons

222 2270 852 104 (Les yeux bouchez à reculons,)

220 2356 836 102 Nous cachions l'orde vilenie:

225 2450 869 94 Mais nous les trouvons ennemis,

225 2526 750 96 Et non peres de la patrie,

248 2610 798 131 Qui ne pechent plus endormis.

896 2698 160 129 B ii[[j]]
