2027 3084
841 74 434 87 PRÆFACE.

439 154 870 95 Ren donc , ô Dieu, ſi tu cognois

342 231 1072 118 Mon cœur meſchant, ma voix ſans voix:

342 318 921 106 O Dieu tu l'eſteve au contraire,

352 413 797 93 C’eſt trop retenu mon devoir:

344 493 996 108 Ce qu’il n'ont pas horreur de faire,

349 575 834 95 I'ai horreur de leur faire voir.

427 665 915 100 Sors mon œuvre d’entre mes bras,

336 742 978 113 Mon cœur ſe plaind, l'eſprit eſt las

342 830 918 108 De cercher au droit vne excuſe:

334 917 743 111 Ie vai le jour me refuſant,

336 1004 839 111 Lors que le jour je te refuſe,

334 1094 784 101 Et je m'accuſe en t'excuſant.

419 1177 638 97 Tu es né legitimement,

329 1259 903 113 Dieu meſme a donné l'argument:

342 1346 779 106 Ie ne te donne qu'à l'Egliſe:

336 1434 757 97 Tu as pour ſupport l'equité,

336 1516 695 100 La verité pour entrepriſe,

331 1601 661 123 Pour loyer l'immortalité.
