2040 3052
1688 61 39 127 I

188 1200 386 81 P

587 849 1147 102 Vis qu'il faut s'attaquer aux legiõs de Rome,

592 941 1132 86 Aux mõstres d'Italie, il faudra faire comme

587 1017 1142 107 Hãnibal, qui par feux d’aigre humeur arroſez

592 1111 1130 91 Se fendit un paſſage aux Alpes embrazez.

582 1192 1140 105 Mõ courage de feu, mõ humeur aigre & forte

157 1274 1521 112 Au travers des ſept monts faict breche au lieu de porte.

152 1365 1114 84 Ie briſe les rochers & le reſpect d’erreur

157 1439 1112 107 Qui fit douter Ceſar d'une vaine terreur.

150 1526 1243 104 Il vid Rome tremblante, affreuze, eſchevelee,

170 1607 1231 104 Qui en pleurs, en ſanglots, mi-morte, deſolee,

155 1704 1381 99 Tordant ſes doigts, fermoit, defendoit de ſes mains

150 1777 1180 92 A Ceſar le chemin au ſang de ſes germains.

228 1856 1145 99 Mais deſſous les autels des idoles, j'adviſe,

147 1945 1058 107 Le viſage meurtri de la captive Egliſe,

160 2029 1274 107 Qui à ſa delivrance ( aux deſpens des hazards)

139 2116 1280 104 M'appelle, m'animant de ſes trenchans regards.

142 2194 1190 112 Mes deſirs ſont des-ja volez outre la rive

139 2276 1265 112 Du Rubicon troublé, que mon reſte les ſuive,

142 2365 1279 91 Par vn chemin tout neuf, car ie ne trouve pas

167 2451 1277 110 Qu'autre homme l'ait iamai eſcorché de ſes pas.

137 2533 1272 106 Pour Mercures croizez, au lieu de Pyramides,

142 2612 1391 142 I'ai de jour le pilier, de nuict les feux pour guides.

1144 2713 186 99 B iiy

278 372 1372 228 MISERES

501 681 905 102 LIVRE PREMIER.
