2040 3052
1737 27 43 173 [[3]]

569 53 827 99 MISERES. LIV. I.

195 139 1193 110 Ailleurs qu'à te loüer ne ſoit abandonnee

190 226 1318 107 La plume que je tiens, puis que tu l'as donnee.

277 310 1211 109 Ie n'eſcris plus les feux d’un amour inconnu,

193 396 1040 110 Mais par l'affliction plus ſage devenu,

195 473 1465 127 I'entreprens bien plus haut, car j'apprens à ma plume

198 564 1203 109 Vn autre feu, auquel la France ſe conſume.

190 648 1430 115 Ces ruiſſelets d’argent, que les Grecz nous feignoient.

195 735 1338 94 Où leurs Poëtes vains beuvoient & ſe baignoient,

195 816 1188 114 Ne courent plus ici: mais les ondes ſi claires

206 905 1246 109 Qui eurent les ſaphirs & les perles contraires,

188 984 1450 127 Sont rouges de nos morts: le doux bruit de leurs flotz,

180 1075 1208 110 Leur murmure plaiſant heurte contre des os.

185 1162 1244 99 Telle eſt en eſcrivant ma non-commure image:

193 1251 1256 107 Autre fureur qu'amour reluit en mon viſage:

188 1332 1205 110 Soubs un inique Mars parmi les durs labeurs

208 1416 1285 112 Qui gastent le pappier & noſtre ancre de pleurs,

188 1505 1190 104 Au lieu de Theſſalie aux mignardes vallees,

180 1594 1254 87 Nous avortons ces chants au milieu des armees,

185 1678 1193 99 En delaſſant nos bras de craſſe tous rouïllez,

200 1752 1249 117 Qui n'oſent s'eſloigner des braſſards deſpouillez.

180 1849 1252 99 Le luth que j'accordois avec mes chanſonnettes,

180 1927 1122 110 Eſt ores estouffé de l'eſclat des trompettes:

183 2016 1223 105 Ici le ſang n'eſt feint, le meurtre n’y defaut,

178 2100 1289 105 La mort iouë elle meſme en ce triste eſchaffaut:

183 2184 1205 102 Le Iuge criminel tourne & emplit ſon urne:

183 2266 1302 109 D'ici la botte en jambe, & non pas le cothurne:

188 2355 1043 106 I'appelle Melpomene en ſa vive fureur,

180 2439 1213 106 Au lieu de l'Hypocrame, eſveillant cette Sœur

180 2520 1371 114 Des tombeaux rafraiſchis, dont il faut qu'elle forte,

185 2612 1193 132 Affreuſe, eſchevelee, & bramant en la ſorte

1269 2693 51 165 C
