2033 3051
1745 71 48 142 5

564 78 802 92 MISERES, LIV. I.

195 157 1390 107 Mais leur rage les guide & leur poiſon les trouble,

193 241 1443 109 Si bien que leur courroux par leurs coups ſe redouble:

188 322 1216 105 Leur conflict ſe r'allume, & faict ſi furieux,

221 409 1292 112 Que d'un gauche malheur ils ſe crevent les yeux:

190 495 1237 105 Cette femme eſploree en ſa douleur plus forte,

195 584 1247 92 Succombe à la douleur mi-vivante, mi-morte,

193 668 1219 99 Elle void les mutins tous deſchirez, ſanglans,

208 750 1379 111 Qui ainſi que du cœur, des mains ſe vont cerchans,

206 833 1325 112 Quand preſſant à ſon ſein d'un amour maternelle

188 922 1094 102 Celui qui a le droit & la iuſte querelle,

203 1011 1232 102 Elle veut le ſauver, l'autre qui n'eſt pas las,

198 1093 1056 91 Viole en pourſuivant l'aſile de ſes bras:

193 1172 1244 109 Adont ſe perd le laict, le ſuc de ſa poictrine,

190 1261 1148 101 Puis aux derniers abois de ſa proche ruine

193 1344 1127 105 Elle dit, vous avez, felons, enſanglanté

201 1436 1246 102 Le ſein qui vous nourrit & qui vous a porté:

195 1520 1107 94 Or vivez de venin, ſanglante geniture,

195 1599 1301 109 Ie n'ai plus que du ſang pour vostre nourriture.

264 1685 1191 104 Quand languiſſant ie voi les honteuſes pitiez,

190 1767 1130 104 Et d'un corps diviſé les funebres moitiez:

211 1843 1188 117 Quand ie voi s'apprester la tragedie horrible

201 1934 1384 107 Du meurtrier de ſoi-meſme, aux autres invincible,

198 2021 1181 104 Ie penſe encores voir un monſtrueux geant,

208 2105 1364 106 Qui va de braves mots les hauis Cieux outrageant,

201 2189 1239 104 Superbe, floriſſant, ſi brave qu'il ne treuve

198 2275 1293 107 Nul, qui de ſa valeur entreprenne la preuve:

193 2359 1328 109 Mai lors qu'il ne peut rien rencontrer au dehors

211 2440 1165 112 Qui de ſes bras nerveux endure les efforts,

203 2532 1219 102 Son corps eſt combatu, à ſoi-meſme contraire,

203 2618 1252 148 De ſang pur a le moins: le flegme & la colere

1249 2689 209 102 C ij
