2041 3055
1702 53 68 120 9

547 61 808 96 MISERES. LIV. I.

170 147 1078 107 Le ſage Iuſticier eſt traiſné au ſupplice,

168 229 1243 117 Le mal-faicteur luy faict ſon proçes: l'injuſtice

170 318 1356 112 Eſt principe de droict, comme au mond' à l’envers

178 404 1241 110 Le vieil pere eſt foüeté de ſon enfant pervers:

180 486 1162 117 Celuy qui en la paix cachoit ſon brigandage

178 575 1068 112 De peur d’estre puni, estalle ſon pillage!

183 661 1358 107 Au ſon de la trompette, au plus fort des marchez

175 745 1325 107 Son meurtre & ſon butin ſont à l’ancan preſchez:

183 832 1274 104 Si qu'au lieu de la roüe, au lieu de la ſentence,

180 919 1229 94 La peine du forfaict ſe change en recompenſe.

178 1003 1279 104 Ceux qui n'ont diſcerné les quereles des Grands

180 1087 1198 101 Au lict de leur repos, treſſaillent entendans

178 1176 1078 102 En paiſible minuict que la ville ſurpriſe

188 1262 1305 102 Ne leur promet ſauver rien plus que la chemiſe:

180 1356 1290 92 Le ſoldat trouve encor quelque eſpece de droict,

180 1428 1308 94 Et meſme, s'il pouvoit, ſa peine il lui vendroit.

180 1514 1223 97 L'Eſpagnol meſuroit les rançons & les tailles,

186 1601 1258 99 De ceux qu’il retiroit du meurtre des batailles,

180 1685 1302 99 Selon leur revenu: mais les François n'ont rien

183 1769 1289 94 Pour loi de la nature des François, que le bien.

188 1863 1363 87 Encor' vous bien-heureux, qui aux villes fermees,

186 1939 1233 102 D'un mestier incognu avez les mains armees,

211 2023 1175 110 Qui goustez en la peur l'alternatif ſommeil,

183 2110 1024 102 De qui le repos eſt à la fievre pareil:

178 2189 1261 114 Mais je te plains ruſticq, qui ayant la journee

186 2281 1009 106 Vne piteuſe vie en tes ſueurs trainee,

188 2365 1289 114 Reçois au ſoir les conps, l'injure & le tourment,

186 2446 1067 117 Et la fuite & la fin, injuste payement.

186 2535 1172 99 Le païſan de cent ans, dont la teste chenuë

191 2619 1200 135 Eſt couverte de nege, en ſuivant ſa charruë,

1223 2711 214 122 C ij
