2030 3056
1670 78 82 135 47

303 402 1390 209 PRINCES.

552 669 861 105 LIVRE SECOND.

616 830 1154 117 E veux, à coups de traits de la vive lumiere,

611 916 1156 117 Crever l'enflé Pithon au creux de ſa taſniere:

608 1005 1149 120 Ie veux ouvrir au vent l'Averne vicieux,

213 784 380 415 I

629 1084 1133 120 Qui d'air empoiſonné face noircir les cieux,

201 1171 1204 107 Percer de ces infects les pestes & les roignes,

208 1250 1315 120 Ouvrir les fonds hideux, les horribles charongnes

206 1339 1268 115 Des ſepulchres blanchis: ceux qui verront ceci,

206 1418 1253 117 En bouchant les nazeaux, fronceront le ſourci.

287 1505 1197 114 Vous qui avez donné ce ſubject à ma plume,

203 1594 1225 117 Vous-meſmes qui avez porté ſur mon enclume

211 1678 973 109 Ce foudre rougiſſant aceré de fureur,

211 1764 1296 112 Liſez-le, vous aurez horreur de voſtre horreur:

211 1848 1220 112 Non pas que j'aie eſpoir, qu'une pudique honte

213 1930 1320 122 Vos paſles fronts de chien honteuſement ſurmonte:

213 2011 1124 112 La bonte ſe perdit, vostre cœur fut taché

211 2098 1151 120 De la paſle impudence, en aimant le peché:

211 2197 1273 107 Car vous donnez tel luſtre à vos noires ordures,

236 2276 1358 110 Qu'en faſcinant vos yeux, elles vous ſemblent pures:

213 2363 1366 122 I'en ai rougi pour vous, quand l'acier de mes vers

213 2439 1238 117 Burinoit vostre hiſtoire aux yeux de l'Vnivers,

216 2521 1233 130 Subject, ſlylle inconnu, combien de fois fermee

216 2607 968 156 Ai-je à la verité la lumiere allumee?

1148 2699 219 115 H iij
