2019 3056
1667 22 89 156 51

514 22 857 115 PRINCES, LIV. II.

191 117 1295 109 Mais en ce temps infect tant vaut la menterie

193 193 1081 115 Et tant à pris de pied l'enorme flatterie,

216 285 1155 112 Que le flatteur ſans plus eſt tenu pour ami,

203 364 1323 112 C’est crime envers les Grands que flatter à demi:

206 450 1394 117 Et qui ſont les flatteurs? ceux qui portent les tiltres

198 534 1272 115 De Conſeillers d'Eſtat, ce ne ſont plus belistres,

206 621 1247 109 Gnatons du temps paſſé: en chaire les flatteurs

201 710 1399 115 Portent le front, la grace, & le nom de preſcheurs:

209 792 1223 112 Le peuple enſorcelé, dans la chaire eſmerveille

203 881 1257 109 Ceux qui au temps paſſé chuchetoient à l'oreille,

206 967 1236 105 Si que par fard nouveau, vrais prevaricateurs

203 1044 1301 119 Ils blaſment les pechez deſquels ils ſont autheurs,

206 1133 1221 102 Coulent le moucheron, & ont appris à rendre

203 1222 1130 109 La loüange cachee à l'ombre du reprendre.

211 1308 1178 102 Vn preſcheur mercenaire, hypocrite effronté,

211 1395 1027 97 De qui Sathan avoit le ſavoir acheté,

209 1479 1287 99 A-il pas tant cerché fleurs & couleurs nouvelles,

229 1566 1234 107 Qu'il habille en martyr le bourreau des fideles?

206 1660 1193 94 Il nomme bel exemple une tragique horreur,

206 1731 1055 112 Le maſſacre juſtice, un zele la fureur:

214 1813 1443 119 Il plaint un Roi ſanglant, ſur tout il le veut plaindre,

231 1899 1232 117 Qu'il ne pût en vivant aſſez d'ames eſteindre:

211 1988 1236 110 Il faict vaillant celui qui n'a veu les hazards,

214 2083 1119 99 Studieux l'ennemi des lettres & des arts,

214 2159 1346 112 Chaste le malheureux, au nom duquel je tremble:

216 2248 1313 100 S'il lui faut reprocher les deux amours enſemble,

209 2335 1068 94 Et fidele & clement il a chanté le Roi,

237 2421 1086 112 Qui pour tuer les ſiens tua ſa propre foi.

295 2500 1400 115 Voila comment le Diable eſt faict par eux un Ange,

219 2584 1325 138 Au chantre & au chanté vergongneuſe loüange:

1376 2645 41 179 I
