2021 3060
1633 84 86 104 55

487 81 857 97 PRINCES, LIV. II.

163 165 1263 110 Ils nommoient macquereau un ſubtil perſonnage

183 249 1085 118 Qui ſçait ſolliciier & porter un meſſage:

153 339 1181 107 Ce mot maquerellage eſt changé en poullets,

160 423 1490 107 Nous faiſons faire aux grands ce qu'eux à leurs valets,

163 507 1220 112 Nous honorons celui qui entr'eux fut infame,

168 591 1299 115 Nul eſprit n'est eſprit, nulle ame n'est belle ame

163 678 977 109 Au periode infect de te ſiecle tortu,

178 770 1225 104 Qui a ce poinct ne faict tourner toute vertu:

168 851 1386 100 On cerche donc une ame, & tranquille & modeste,

163 940 1214 97 Pour ſourdement, cacher, cette mourante peste,

165 1025 1177 91 On cerche un eſprit vif; ſubtil, malicieux,

168 1109 1245 99 Pour ouvrir les moiens & deſnouer les nœuds:

170 1195 1200 92 La longue experience aſſez n’y eſt experte,

170 1277 1162 110 Là ſouvent ſe prophane une langue diſerte,

176 1366 1278 92 L'eloquence, le luth & les vers les plus beaux,

168 1450 1380 95 Tout ce qui louoit Dieu, és mains des macquereaux

168 1532 1513 110 Change un Pſeaume en chanſon, ſi bien qu'il n'y a choſe

181 1624 1046 94 Sacree à la vertu que le vice n'expoſe,

178 1700 1159 102 où le deſir bruſlant, où la prompte fureur,

181 1784 1194 110 Où le traiſtre plaiſir faict errer nostre cœur,

183 1881 1439 95 Et quelque feu ſoudain promptement nous tranſporte

181 1976 1383 86 Dans le ſueil des pechez, trompez en toute ſorte:

178 2042 1202 102 Le macquereau eſt ſeul qui peche froidement,

199 2134 1283 92 Qui tous-jours bourrelé de honte & de tourment

178 2213 1207 110 Vilainement forcé, pas apres pas s’advance,

178 2295 1192 104 Retiré des chainons de quelque conſcience

183 2389 1271 89 Le vilain tout tremblant, craintif & refronché,

186 2465 1304 102 Meſme monſtre en pechant le nom de ſon peché:

188 2560 1304 97 Tout vice tire à ſoi quelque prix, au contraire

183 2631 1159 123 Ce vice qui ne ſent rien que la gibeciere,

1326 2710 176 117 I iij
