1948 3077
266 94 118 93 60

615 64 888 102 PRINCES, LIV. II.

338 141 1337 120 Prinees que Dieu choiſit pour du milieu des feux,

272 233 1121 118 Du ſervice d'Egypte, & du joug odieux

272 312 1396 111 Retirer ſes troupeaux, beaux pilliers de ſon temple:

259 402 1406 110 Vous eſtes de ce temple, & la gloire & l'exemple:

272 487 1437 115 Tant d’yeux ſont ſur vos pieds, & les ames de tous,

264 576 1275 103 Tirent tant de plaiſirs ou de plainctes de vous:

259 666 1491 121 Vos pechez ſont doublez, & vos malheurs s'accroiſſent,

261 746 1294 125 D’un lieu plus eſlevé plus hautains ils paroiſſent.

261 843 1209 110 Ha que de fang ſe perd pour piteux payement

266 923 1279 115 De ce que vous pechez! qu'il volle de tourment

264 1010 1388 113 Du haut de vos couppeaux! que de vos crimes hautes

266 1094 1266 111 Deſſus le peuple bas roullent d’ameres fautes!

269 1184 1252 108 C’eſt pourquoy les ſueurs & les labeurs en vain,

272 1264 1365 112 Sans force & ſans conſeil, delaiſſent vostre main:

266 1359 1271 107 Vous estes courageux, que ſert vostre courage?

274 1446 1399 89 Car Dieu ne benist point en vos mains ſon ouvrage:

269 1530 1399 100 En vain, tous contriſtez, vous levez vers les cieux

279 1623 1286 100 Pos yeux, car ce ne ſont que d'inpudiques yeux:

279 1705 1145 95 Cette langue qui prie a parlé des ordures,

282 1794 1470 98 Les mains que vous joignez ce ſont des mains impures,

287 1874 1468 115 Ce luth qui touche un Pſeaume à un mestier nouveau,

287 1961 1276 105 Il ne plaiſt pas à Dieu, ce luth eſt maquereau:

284 2043 1350 116 Ces levres qui en vain marmottent vos requestes,

287 2133 1155 105 Vous les aves ternis en baizers deſhonestes,

290 2218 1196 107 Et ces-genoux ploiez deſſus des licts vilains,

290 2307 1201 95 Prophanes, ont, ploié parmi ceux des putaius:

297 2394 1327 111 Si depuis quelque temps vos Rhymeurs hypocrites,

295 2484 1319 108 Deſguizez, ont changé tant de phrazes eſcrittes

287 2569 1288 110 Aux prophanes, amours, & de meſmes couleurs

287 2648 1252 141 Dont ils ſervoient Sathan, infames baſteleurs,
