1337 2245
969 108 62 80 11

61 563 968 121 LEIPOGRAMMES.

222 710 650 128 Premier Alphabeth.

82 860 921 116 VEILLE D'VNE NVICT.

513 1015 71 75 A

73 1101 188 229 E

271 1105 768 103 Sprits qui voletez ſur le bruict que bour¬

282 1173 144 56 donne

258 1221 721 88 Le fleuue recourbé qui de ſon viste cours

273 1274 764 97 Leche preſque le tour de ceſte ville, où l’ours

52 1326 837 82 Qui fut premier trouué le redouté nom donne:

99 1382 829 88 Si deuot quelquesfois voſtre troupe mignonne

52 1440 811 73 I’honore de mes vers. Et ſur les legers tours

48 1489 888 82 Que le ſoir vous tournez, de mes diuers diſcours

48 1541 893 88 Le ſon triſté enroüé pour contrebruict i'entonne:

95 1595 786 92 Priez pour moy le Dieu qui ſe ſied de coſté

48 1648 695 86 Sur le moite ſurion de ce fleuue irrité,

52 1698 914 103 Qu’il ceße vn peu le bruict qui trouble mes oreilles,

104 1758 772 88 Ores que ie vous veux eſtrener de ces vers,

56 1809 721 82 Puis eſcoute benin mille diſcours diuers

59 1863 813 112 Que ie force ſortir d'vne nuict de mes veilles.
