1382 2263
353 121 79 78 12

623 128 490 81 LEIPOGRAMMES

825 220 49 87 B

347 288 106 140 Q

481 280 721 83 Vi voudroit reſiſter à la puiſſance tienne

470 348 859 76 Doux enfãt de la nuit, il luy faudroit aux dieux

343 401 863 81 S'eſgaler tout à fait, eſcheler leurs hauts cieux,

341 456 871 68 Et de leur doux Nectar humer la coupe pleine:

387 509 838 77 Mais garde le tonnerre au fils de Dindymene

336 567 815 72 Garde le traittement qu’eurent les factieux

343 624 899 69 Qui m’ont ſur mont monté, (forfaict audacieux)

341 677 774 66 Rougirent de leur ſang la motte Pelienne

375 727 923 82 Mieux vaut donc faire ioug, & ne point reſister,

337 790 769 68 Sommeil, à ton effort, de peur de t’irriter,

337 846 833 59 Et n’en remporter rien que repentir & peine:

373 893 873 74 Mais, Sommeil, ie te pry' ne te courrouce point,

332 942 789 82 Et diſpenſe mes yeux en ce ſeul petit poinct,

336 1005 826 75 Car ma douce fureur ceſte nuict me demeine.

796 1069 61 87 C

324 1139 102 133 L

432 1142 836 85 'Eſpouuantable plant des pointes de Memphis,

436 1210 668 62 Le tortueux entour de la priſon ſerree

332 1257 755 76 Du fils de Paſiphaë', Et la tour enferree

332 1314 662 75 Que pour ta Danaë rude pere tu fis.

392 1363 759 77 L’or, l'azur, & l'email des aiſlerons du ſils,

326 1423 759 72 De la fille à la mer: Et la plaine azuree

322 1474 754 68 Qui prit iadis ſon nom de la lourde viree

322 1533 805 73 Qne ſentit le voleur, Phæbus, que tu deffis.

373 1584 863 77 Les Titans guerroyans deſſous la troupe haute,

315 1635 738 71 Et le Saturnien qui de foudres n'a faute

317 1695 908 70 Sur leurs teſtes dardant ſon ſoulfre garde-Dieux:

364 1746 851 71 Le fugitif de Troye, Et depuis, le bon homme

317 1802 778 74 Qui la louue ſeura des batiſſeurs de Rome,

317 1857 895 111 I'ay veu au peu de temps que i'ay fermé les yeux.

1242 1932 41 76 D
