1334 2251
945 121 78 92 13

168 125 674 71 PREMIER ALPHABETH

512 204 52 83 D

39 292 79 124 S

120 279 791 83 Onge-creux Palinur' quant ceſſe forte enuie

108 333 788 85 T’accabloit ſommeilant, il falloit à l'eſcart

37 397 766 66 Laiſſant ton gouuernail te retirer à part,

41 459 754 62 Et là ronfler ton ſoul en aſſeurant ta vie:

90 513 718 62 Et viuant tu aurois auec ta compagnie

41 557 829 73 Trouué les marcaßins ſous le cheſnu ſueillart,

37 613 854 73 Quant meſme il euſt fallu ſur le Latin rempart

46 667 753 72 Que l’ame t'euſt eſté par l’ennemy rauie.

90 718 861 73 L’honneur t’en fuſt reſté: Puis on euſt eu le ſoin

43 780 750 67 A te faire inhumer, ſi les armes au poing

37 829 897 75 Les Troyens t’euſſent veu pourſuiure la victoire,

95 885 921 71 Non, cõme vn gros taureau, tomber la teſte en bas:

50 939 781 62 Va, ie ne te plain point. Ne te falloit-il pas

46 996 805 73 Eſchapper eu veillant la mort toute notoire?

523 1044 30 62 E

90 1093 891 79 Il n’y a pas vne Apoſtrophe pour ſauuer l’e.

52 1151 69 130 P

142 1155 807 71 Our rauir la toiſon quand Iaſon courut tant,

140 1215 861 66 Il y paruint pour vray, l’arrachant hors du fort

48 1260 974 75 Aux dragons flamboyãs: mais non par ſon bras fort,

46 1314 858 74 Non par ſon bac fatal à Cholios loing flottant.

91 1367 841 77 Car ſans ton fort pouuoir qui luy fut aßistant

52 1421 803 74 O doux fil à la nuict, par vn ſubtil confort,

54 1470 835 77 Son cas alloit fort mal: Il y fuſt pluſtost mort,

50 1530 981 77 Tant grand, tant bon fuſt-il, tant hardy combatant.

91 1590 886 71 Mais tu luy fus amy, quand ton appaſt charmoit

52 1635 775 79 Son dragon, qui ſans fin ſon tiſon allumoit.

56 1693 775 70 Il ioüit donc par toy du prix ainſi conquis :

99 1744 792 86 Donc à toy qui luy fis vn tant amy ſupport,

61 1804 824 71 Vn tour tant à propos, vn tant diuin confort,

61 1853 753 92 Soit vn los immortel à tout iamais acquis.

827 1950 41 83 B
