1352 2245
308 121 81 101 14

601 125 486 73 LEIPOGRAMMES

769 196 54 82 F

398 275 710 78 I viſte par la plaine à l'heritier de Rhee

305 282 78 129 S

400 331 721 76 La ſapin tabourdé d’vn Oüeſt inconſtant

308 391 772 78 Ne galope leger: Et le traict loin-portant

305 447 751 73 Ne coupe ſi ſoudain la campagne aëree:

350 501 820 69 Si toſt ſes traits grondans de ſa voute ætheree

310 557 736 67 Le mary de Iuno ne va point eſclatant:

305 608 749 65 Et l’aigle rauiſſeur, ſi toſt ne va battant

307 667 769 62 De ſon ventre poußé, la colombe eſgaree:

357 716 863 73 Que l’importun Sommeil m'a dardé le rainceau

310 770 892 66 Qu’il trempe dans le creux de l’oublieux ruiſſeau,

305 825 882 74 Et m’a contraint baiſſer deſſous ſon coup la teſte.

350 879 861 67 Pardonne moy, Sommeil, Roy de toute la nuict

305 937 835 60 Sinon aux ſoucieux, car pour ton ſeul deduict

305 989 861 79 Ceſt eſtrange diſcours à ton honneur s’appreſte.

771 1058 64 90 G

299 1134 92 130 I

383 1129 718 73 E te veux entonner d’vne ſaçon nouuelle

385 1189 892 70 Mon doux Bourdõ de nuict, dous tyrã de mõ cœur:

303 1242 841 73 Ie te veux ceſte nuict rendre braue vainqueur

305 1296 797 69 Du charme enſorceleur d’vne libre ceruelle.

353 1350 826 68 Sa force vienne auant qu’elle eſpanche cruelle

305 1406 882 73 Cent pauots ſur me yeux, ny leur morne liqueur,

299 1461 869 71 Ny ſes pipeurs efforts ne te vaincront, moqueur,

303 1509 844 79 De ſon pouuoir charmeur d’vne foible femelle.

359 1567 865 62 Paſſons donc ceſte nuict, Bourdon, ioyeuſement.

301 1620 880 69 Paſſons-la ſans dormir, & veillons brauement,

303 1672 886 66 Vainquons de ces pauots la puiſſance endormeuſe

350 1726 870 81 Mais, Bourdon mon amy, ſeulement ceſte nuict,

295 1786 770 62 Car d'aller plus auant outre que cela nuit,

293 1844 798 97 On en remporte en fin repentance faſcheuſe,
