1343 2251
170 99 697 88 PREMIER ALPHABETH.

946 99 72 101 17

488 189 86 64 M

67 251 58 133 S

137 249 858 83 Ous ce large peuplier par trois fois trois ie tourne,

131 317 774 71 I'y baſty vn autel de trois fois trois gazons,

56 367 751 70 I'y apporte du feu de trois ſois trois tiſons,

48 422 921 71 Et trois fois trois grillons pour y bruſler i’adiourne:

95 480 791 69 Par trois fois trois encor y verſer ie retourne

56 527 975 86 Trois fois trois pots de laict, trois fois trois poils griſons

48 587 797 75 Ie croiſe tout autour, trois fois trois oraiſons

54 641 845 75 Par trois fois trois encor barboter i’y contourne.

97 697 849 73 C’eſt pour vous bas esprits de ces antres boſſus,

58 750 868 75 C’eſt pour vous Satyreaux des coſtaux de là ſus,

54 806 860 75 C’eſt pour voſtre troupeau Dryades foreſtieres,

99 859 932 75 C’eſt pour vous dieux des eaux aux reluisãs talons,

56 913 971 77 C’eſt pour vous dieux des bois : ceſt autel, ces grillons,

54 966 877 88 Ces pots blanchis de laict, ces poils et ces prieres.

510 1039 72 77 N

73 1104 65 137 F

138 1110 793 81 Atigué du trauail que i'auoy' de mes veilles

155 1174 778 73 Ie m’eſtoy' reſolu quoy qu’il deuſt m’arriuer

60 1234 796 67 De laiſſer à mes yeux le ſommeil eſprouuer,

61 1281 821 71 Pource que ſa douceur a fort peu de pareilles:

108 1335 866 71 Mais voicy tout à coup, (gracieuſes merueilles)

67 1391 757 70 Dryades & Satyrs pres de moy s’eſleuer,

61 1448 816 67 Et de leur bruict meſlé du ſommeil me priuer

69 1498 868 73 Qui ſorcier m’auoit pris les yeux & les oreilles.

112 1555 829 73 A l'heure ie rougy. Mais pour reparer mienx

71 1611 796 67 La faute qui m'auoit faict abaißer les yeux

67 1661 780 72 Ie me mis au millieu de leurs gayes caroles.

120 1727 689 60 Flore me prit le doigt, l’yuoire ie ſaiſy

75 1768 798 81 Qui m'auoit pour eſclaue & ſeruiteur choiſi,

75 1828 745 100 Et ie leuay les pieds à leur balades folles.

710 1894 129 98 B iij
