1331 2245
301 82 88 112 18

570 89 487 84 LEIPOGRAMMES

791 179 51 73 O

397 245 716 80 Vt, aide gracieux à ma plume peſante

320 261 76 113 L

402 301 869 76 Quand le dieu Lethien vient aſſaillir mes yeux,

301 362 805 75 Lut le ſainct esbat mien, le plaiſir gracieux

301 415 900 75 Quand le fils de la nuict mes paupieres enchante :

350 473 833 75 Tairay-ie à mes eſcrits le ieu ſacré qu’enfante

299 529 753 67 Afin de m’eſueiller ce nerf tien precieux?

299 581 721 75 Ingrat me diras tu du chant delicieux.

301 634 975 82 Chãt mignard, chãt plaiſant qui mes peines eſuente?

342 694 773 69 Atten, à mes eſcrits tes chants ie mariray,

295 744 779 67 Aux âges mes eſcrits: Ainſi ie publieray

297 800 858 66 Eternels mes eſcrits, & tes chants perdurables.

351 856 742 62 Si que tant que ſera la terre dans la mer,

301 905 870 71 Et dedans l'air la mer, & dedans les cieux l’air,

299 963 885 86 Tes chants et mes eſcrits ie rendray admirables.

752 1038 49 88 P

391 1107 848 75 Ier Somme, qui mes ſens eſtourdis de l'ombrage

292 1103 86 128 F

402 1167 867 77 Dont tu vas ennublant mes yeux tant haraſſez,

293 1219 869 73 Faſcheux, que ie te hay. Ne t’eſt-ce donc aſſez

288 1275 936 73 De ce que ie t’ay faict en mes vers tout hommage?

346 1330 883 76 Voire: le grand honneur, la gloire, l’aduantage

293 1384 818 65 Dont tu te vanteras ſur des membres laſſez,

293 1433 884 73 Membres des chaſtes ſœurs forcez & tracaſſez,

293 1492 800 72 Et guidez ceſſe nuict d’vne fantaſque rage.

340 1554 839 68 Elles me font l’honneur de m’aimer, me cherir,

292 1597 784 75 Elles daignent venir m’entendre diſcourir,

310 1650 846 86 Ne craignans d'vn ſorcier la charmeuſe cholere.

333 1706 754 73 Elles me font dicter ces ſuiets hazardeux,

292 1762 810 69 Admirent le nouueau que ie delaiſſe en eux,

295 1816 837 110 Toy, Somme tu ſeras de ma gloire aduersaire!
