1316 2251
152 105 698 82 PREMIER ALPHABETH.

506 213 57 72 Q

144 255 755 88 Our vous mes Satyreaux en la peine ie ſuis

67 264 60 136 P

146 328 862 69 Où voꝰ me pouués voir: & pour vous Nymphelet¬

39 377 965 73 Aux beaus yeux, aus beaus dois, aux treſſes blõdeletes,

39 431 811 73 Ie n’apprehende point d'endurer ces ennuis:

78 482 938 78 Pour vous dieux fonteniers aux rafaichißãs muis,

37 542 862 71 Pour vous ſources encor aux eaux argentelettes,

35 594 783 68 Pour vous prez eſmaillez de mille violettes,

31 652 887 64 Et pour vous belles fleurs ie paſſe ainſi ces nuicts.

76 705 791 71 C’eſt pour tant ſeulement auec vous deuiſer

35 755 858 74 Au frais de ceſte nuict, c’eſt pour vous courtiſer,

35 812 877 73 C’eſt pour de mon pouuoir fouler vos riues nettes,

82 866 879 75 C’eſt pour ſans nul danger me lauer en vos eaux,

37 922 937 72 Pour vaguer deſſus vous, pour m’orner: Satyreaux,

35 975 973 84 Nymphes, dieux fonteniers. ſources, prez & fleurettes.

503 1037 77 88 R

122 1127 827 71 Ans fin les vents eſmeus n’agitent pas l'eſchine

46 1114 59 131 S

108 1176 815 71 De l’ocean moiteux: & du haut tempeſtant

41 1234 788 71 N’eſt l’indignation dans les monts eſclatant

39 1290 873 66 Sans fin ſes coups, ſes feux, ſa vengeance diuine:

75 1341 739 75 Il n'eſt pas dit außi que celle qui domine

39 1397 745 66 Deſſus tes paßions, en fin n’aille abatant

41 1450 807 65 Ceſte folle hauteſſe & ce deſdain, qui tant

39 1504 640 73 Ta face diminue & ta lieſſe mine.

78 1555 855 78 Attendant quoy, Amy, vien t'en iuſques icy,

39 1615 820 69 Vien auec mes demons, & chaſſe rout ſouci:

39 1665 952 75 Au moins tien bonne mine, & ne fay plus l’eſclaue.

71 1722 867 73 Maint gay demon t’attend fantaſtic & ioyeux,

37 1776 804 71 Et mainte belle Nymphe en chemiſe ſe laue,

43 1828 764 100 Aſin qu'elle te noye eu l'appaſt de ſes yeux.

919 106 85 79 19
