1328 2239
941 117 63 82 13

46 570 949 122 LEIPOGRAMMES.

201 723 626 124 Second Alphabeth.

285 878 469 120 VOYAGE.

477 1046 81 71 A

52 1140 174 231 D

257 1136 676 86 Ieu des chemins Cyllenien Mercure

246 1197 725 84 Qui tout le iour ſur le ciel ſers les Dieux,

257 1253 650 73 Et toute nuict touches és triſtes lieux

257 1306 738 78 Les froids eſprits deſpoüilles de mort dure,

65 1365 719 69 Pren, ie te pry, de ces vers quelque cure

41 1408 790 86 Que tout le temps que ſous les courbez cieux

35 1472 659 69 Ie pren chemin, que i’erre ſoucieux,

44 1518 536 73 Ie te depeins de diuerſe figure.

67 1576 680 71 Les eſprits n’ont meſpriſé mon veiller,

35 1625 738 67 Et d’vne nuict ne m'ont veu ſommeiller:

41 1677 670 80 Pour Neptune eſt mon onde defignee;

61 1733 617 76 Or doit de toy, ſi tu luy es benin,

39 1783 577 82 Bon conducteur de telle deſtinee,

42 1843 706 110 Prendre ſon heur mon entrepris chemin.
