1340 2245
772 217 53 72 B

406 282 638 80 Aſtres naurez, Paſtorelles bleſſees,

316 288 88 132 P

408 340 688 82 Ie veux marcher, car le iour eſt venu:

321 409 665 64 Sus, deuant moy iettez menu menu,

314 450 700 81 Fleurs, roſes, lys, lauandes & penſees.

363 506 829 72 Force chanſons: Que vos voix ſoient hauſſees

314 563 722 65 Sur mon chemin, & me ſoit maintenu

320 617 731 67 Ce train gaillard, iuſques au ſoir chenu,

321 671 571 71 Et du Soleil les carieres laſſees,

374 725 670 73 Lors taiſez-vous, car il faut repoſer.

316 776 630 75 Mais qui ſeroit ſi hardy que d'oſer

318 834 754 64 S’armer veillant contre le morne ſomme?

361 888 718 71 Il me ſouuient du contraſt qu’vne nuict

321 941 786 69 I'eu contre luy voulant veiller, & comme

318 997 647 73 Le lendemain mon œil s'en repentit

778 1070 66 74 C

445 1146 530 66 Vi va laſſer trop ſuperſtitieux

325 1141 103 138 Q

451 1195 711 84 Ses pieds poudreux d'vn long pelerinage,

320 1253 731 79 Qui se hazarde au danger d'vn voyage

316 1307 780 66 Pour des threſors qui ne valent pas mieux:

364 1360 755 73 Qui grand vanteur viſitera maints lieux

314 1414 752 73 Pour s'en brauer & valoir dauantage;

320 1466 845 75 Qui plein de ſang, & de guerre, & d'outrage

318 1524 677 68 Au loin ira tout remplir de ſes feux:

364 1578 582 68 Or quant à moy, la ſuperſtition,

316 1629 726 75 Le gain, la gloire, & moins l'ambition

318 1687 786 80 De ſuyure Mars, ne m'induit, ne me meine.

366 1736 612 73 Tant ſeulemeut le deſir, qui iadis

323 1794 638 67 Fit voyager Homere & tous les fils

316 1852 711 88 Du Delien, auiourd'huy me promeine

318 134 91 92 24

546 129 490 76 LEIPOGRAMMES

1167 1904 118 73 Hier

1109 1930 45 69 D
