1328 2239
201 106 663 101 SECOND ALPHABETH.

959 125 69 108 25

515 192 41 93 1

69 276 100 127 H

175 264 579 84 Ier au ſoir ſous leur vilaine bouë

175 328 588 69 Ne firent rien les paiſans Lyciens

59 384 790 76 Que me faſcher, plus importuns que chiens,

56 438 771 71 En mon ſommeil par leur bourbeuſe mouë:

112 490 683 73 Prophetes ſeurs pour l’aube qui ſe iouë

52 544 708 75 Et claire & nette ez lieux olympiens,

56 595 648 78 Car en ſon ris & poils ambroſiens

54 653 661 72 Sur mon chemin ſeraine elle ſe rouë.

113 705 669 80 Gente maiſtreſſe au griſaſtre Tithon

54 761 569 69 Amene-moy le pere à Phaëton

54 813 726 77 Autant ſerain que iaunaſtre eſt ta treſſe

106 867 652 75 Ainſi au ſoir retournant en ton lict,

54 917 698 84 Le puiſſes-tu, tant longue ſoit la nuict,

54 972 633 87 Trouurer remis en ſa verte ieuneſſe.

534 1048 43 77 E

63 1119 78 123 S

147 1125 715 74 Ans ton rayon la nuict au loing chaffant,

147 1175 671 84 Ardant Tithon, qui chaud adouciſſoit

52 1231 648 76 Son matin frais, ton los qui ſaiſiſſoit

52 1287 743 76 Mon luth pançu ſuccomboit impuiſſant:

110 1341 700 77 Car ſon frimas ſur ma main amaſſant

57 1388 824 89 Vn froid cuiſant, quand mon doigt ſurpinçoit

52 1440 711 76 Son doux boyais, qui ton los prononçoit,

54 1498 681 71 Nous fit faillir vn matin tranßiſſant.

104 1550 699 82 Mais tout à coup ton rayon nous a fait

52 1604 674 78 Du chaud haſtif iouïr tout à ſouhait,

52 1662 702 75 Donnant ma main à ſon plaiſir obmis,

106 1712 715 84 Mon doigt au luth confus auparauant,

52 1772 764 77 Ma voix au chant qui la va pourſuiuant.

54 1822 728 107 Mon pas au train à mon trauail promis.

734 1903 67 80 C
