1343 2245
310 147 94 73 26

533 136 484 77 LEIPOGRAMMES

784 222 38 94 F

318 304 95 126 R

410 295 713 88 Oßignolet, qui ſous les pleurs d’Aurore

427 349 674 85 Va degoiſant tes regrets douloureux,

307 411 706 75 Sens-tu touſiours de ton fort rigoureux

303 460 626 84 Le deſplaiſir qui ton ame deuore?

357 516 660 71 Si tu le ſens, & tu te plainds encore

305 570 661 73 Au ſouuenir de ce tort malheureux,

301 624 706 79 Ie te ſupply, lamentons-nous tous deux

309 677 665 73 Sous ce laurier, qui ce iardin decore.

359 733 650 71 Tu te plaindras de ton honneur oſté,

303 789 564 71 Ie pleureray ma douce liberté:

309 843 561 69 Tu blaſmeras l'iniure violente

355 892 602 77 De ton tyran, ie gemiray du tort

303 948 700 71 Que ie reçoy d'vn bel œil qui me tente

299 1000 740 81 Si doucement, qu’il me meine à la mort,

788 1071 49 73 G

314 1167 105 112 D

428 1148 680 79 E tant de pleurs ces prez raieuniſſans

436 1204 740 71 Ne moüillent point leur verte couuerture,

305 1257 706 82 Que de trauaux en ce chemin i’endure

301 1307 830 86 Pour deux beaux yeux mes yeux esblouïſſans.

355 1365 751 71 De tant de vents ces tourbillons croiſſans,

299 1414 693 84 N'ont point ſoufflé ceſte foreſt obſcure,

301 1474 708 82 Que de ſouſpirs pour vne abſence dure,

303 1530 764 67 Sont auiourd'huy de mes poulmons iſſans.

361 1584 712 75 Helas! deceu i’auois quelque eſperance,

297 1631 729 84 Penſant, penſant en fuyant ſa preſence,

309 1687 728 80 Que ie fuirois quant & quant ſa priſon.

357 1741 721 69 Mais à mon mal i’eſpreuue le contraire,

303 1796 802 69 Sentant, tant plus ie ſuy pour m’en diſtraire,

305 1850 727 97 Tant plus en moy s'embraſer mon tiſon.
