1328 2239
190 83 650 79 SECOND ALPHABETH.

929 81 105 82 27

508 166 74 84 H

70 248 98 123 L

147 242 605 78 E beau pays, qui t’a, muſe m’amie,

145 298 607 78 Donné renom, ores s’en va laiſſé:

48 356 633 67 Mais pour auoir tant de pays paſſé,

46 404 637 79 Ne ſois pourtant laſſe ny endormie.

95 468 732 65 Eſcoute vn peu. Entens-tu bien que crie

44 514 583 79 Ce bergerot dans ce pré tapiſſé?

41 567 679 78 Ii ſe complainct, ainſi que moy bleſſé,

37 623 648 69 De la rigueur de ſa douce ennemie.

89 671 676 73 Il eſt tout ſeul, & nul ne luy reſpond

46 731 712 71 Que l’entr'ouuert de ce cauerneux fond,

41 783 693 79 A ſa douleur ce luy ſemble allegeance.

91 847 790 69 Et qu’ay-ie mieux? ſi ay, car i'ay du moins

42 893 677 67 Muſe, ces vers qui me ſeront teſmoins

39 947 607 77 A l’aduenir, de ma perſeuerance.

478 1020 39 78 I

46 1093 105 123 C

153 1095 625 71 Ourons, courons, ceſte race de verre

156 1154 660 60 Me va, me va par trop eſpouuentant:

39 1209 713 67 Paſſons-la toſt, Muſe, car on m’entend

31 1257 760 64 Pas vn ſeul mot de leur bruſque tonnerre.

70 1313 830 73 Ces grands carrous me font par trop la guerre,

39 1363 689 71 Tout leur esbat eſt d’aualer d’autant:

33 1418 663 70 Les refuſer, c’eſt preſque tout autant

37 1468 620 76 Que rauager l’alteré de leur terre.

80 1526 751 71 Sont bonnes gens, bon leur gouuernement,

39 1580 667 60 Bon leur eſtat, on ne peut bonnement

39 1634 696 71 Que les loüer, leur façon eſt fort bonne:

89 1686 691 71 Braues ſoldats, en la guerre tres-bons:

39 1742 646 64 Sucçans enfans le teton de Bellone;

39 1794 756 88 Et hommes grands, les pots & les flaſcons.

734 1877 89 60 C ij
