1349 2245
290 99 93 84 28

531 106 479 81 LEIPOGRAMMES

765 179 76 88 K

308 254 92 129 V

415 252 574 94 Iença berger, ceſte bergere belle

407 318 674 69 Eſt-ce ta ſœur, ou ſi c'eſt autrement?

297 376 730 76 (Il n’entend pas.) Son gentil inſtrument

291 430 597 71 S’accorde-il auec ta chalumelle?

351 486 670 69 Mais, par ta foy, te plais-tu auec elle,

293 540 747 77 Elle auec toy? vien-ça, dy moy comment

293 594 769 64 L'heur t'en uoulut, lors que premierement

290 649 565 73 Elle ſe fit ta compagne fidelle?

336 701 743 71 Et puis, où ſut-ce? Et y a-il long temps?

295 757 627 77 Et du depuis les gentils paſſetemps

290 815 739 64 Des amoureux ont-ils tenté voſtre ame ?

293 864 756 77 Il n'entend pas. Va, que tu es heureux.

293 918 728 71 Pleuſt au deſtin que i'euſſe icy ma dame,

297 976 711 75 Pour acheuer ainſi nos iours tous deux.

725 1051 51 71 L

304 1120 103 122 C

412 1107 641 92 'Eſt bien monté. Ceſte ſente bizerre

415 1180 801 73 Nous menera, que ie croy, iuſqu’aux Dieux.

297 1238 735 67 Nous pourrions bien par trop audacieux

301 1294 714 62 Sur noſtre teſte vne infortune acquerre.

349 1343 708 73 Non, Iupiter, ce n’eſt pour faire guerre

293 1395 627 77 A ton Empire & ſiege spatieux,

299 1448 754 67 Comme faisoient ce ſots, qui de tes cieux

301 1506 694 63 Deſſus leur cheſ tirerent ton tonnerre.

351 1560 745 62 Encore vn peu, bien toſt nous atteindrons

301 1610 713 77 Ceſte caßine, & puis nous deſcendrons

303 1674 668 69 Continuans noſtre entrepris voyage.

353 1721 575 71 Nous y voicy. Or pere Iupiter,

301 1775 714 73 En deſcendant außi bien qu’au monter,

304 1827 633 131 Iette ſur nous ton gratieux visage.
