1343 2242
498 116 59 76 3

173 377 678 129 AV LECTEVR.

46 553 342 368 C

377 566 636 95 E n’a iamais eſté mon in¬

374 644 628 93 tention de faire impri¬

375 724 625 86 mer cecy: car il n’a couru

374 814 626 79 & ne court encore que

372 872 623 107 trop de telles fadaiſes.

28 941 965 114 Que ce ne l'ait point eſté, le long temps

31 1016 965 108 qu’il y a que la pluſpart en eſt oubliee

29 1094 962 109 au fonds d’vn coffre, le peut aſſez faire

31 1175 952 108 enſer, y ayant quarante & quatre ans

37 1248 948 112 & plus que ces leïpogrammes & la

26 1324 952 107 plus-part du reſte ont eſté ba¬

31 1401 949 108 tis. Et quelques-vns ſans reproche

29 1475 945 113 en teſmoigneroient, ſi le fait eſtoit

29 1548 934 120 d'importance. La raiſon donc en eſt,

24 1642 944 99 que me trouuant il y a quelque temps

31 1702 939 115 chez deffunct monſieur Eſtienne auec

26 1795 942 99 quatre ou cinq de mes amis, comme on

28 1866 931 114 fut tombé ſur le propos des vers fran¬

688 1965 148 108 A ij
