1361 2262
774 135 51 70 4

307 196 982 90 çois, il dit en auoir d’vne ſorte qu’on

299 277 986 83 n'auoit point encore veüe, & les vou¬

303 352 982 85 loit donner au ſieur Iannon pour les

301 427 986 93 imprimer, & luy eſtant demandé quel¬

301 507 986 90 le, il dit que c’eſtoient vers leïpogram¬

297 586 990 86 mes. Ie dy lors, qu’il y auoit long temps

303 663 988 89 que ie m’eſtois adonné à ceſte ſorte de

305 746 982 81 vers, & que i'auoy creu que perſonne

297 812 988 96 me l’euſt eſſayee que moy, & ſur le chãp

301 897 990 85 luy en recitay quelques-vns: puis le pri¬

299 972 992 85 ant de me monſtrer ceux qu’il auoit, ie

307 1051 982 87 trouuay que c’eſtoiẽt les miens meſmes

307 1129 986 86 qu’il diſoit auoir eus d’vn que ie ne

303 1202 984 91 nommeray pas, pource qu’il eſt mort,

303 1278 988 82 auquel il me ſouuint les auoir preſtez il

307 1353 986 92 y auoit fort long temps. Et combien

303 1428 990 96 que te priaſſe ledict ſieur Eſtienne de ne

305 1508 990 92 les publier point, pour le peu de

311 1581 978 102 faict que c'estoit, il y perſiſta plus pour

301 1664 994 92 Ia nouueauté, que pour autre raiſon que

311 1737 982 93 il euſt (à ce que ie croy) de le faire. Ie

311 1817 984 92 le preſſay donc de ſuperceder tant que

312 1892 977 106 ie les euſſe reueus, auec promeſſe de les
