1337 2245
490 119 51 84 5

24 173 979 105 luy bailler pour en faire à ſa volonté.

28 261 973 88 Ce que i’euſſe fait incontinent apres,

31 333 970 95 ſans ſon decés. Depuis, m’ayant ledict

29 411 965 97 ſieur Iannon ſollicité de ma promeſſe,

24 488 981 99 ie m’y laiſſe emporter, les hazardant à

31 568 970 84 la mer des humeurs d’vn chacun. Mais

28 647 966 93 pource que le liure euſt eſté trop petit,

26 722 975 84 pour le groſſir, me ſeruant de la meſme

26 798 977 96 raiſon de la nouueauté, i'y ay adiouſté

26 877 979 97 quelques ſeſtines, tirees par cy par là

26 950 973 99 d'vn plus gros ouurage, dõt la ſtructu¬

24 1030 977 96 re n’eſt gueres moins difficile que celle

28 1109 973 95 des leïpogrammes. Te priant de ne me

28 1186 971 97 blaſmer pour le ſuiet qui eſt de follies

26 1268 975 92 d'amour, qui lors qu’elles furent com¬

29 1341 970 99 poſees eſtoit excuſable, ſi excuſey eſ¬

18 1418 985 91 chet: car c’eſt ſeulement pour la rareté

24 1498 977 95 du poëme, peu ſe trouuans qui l’ayent

26 1577 972 93 encore tenté en noſtre langue. Puis

24 1657 962 86 me voyãt ſi auant en mes nouueautez,

26 1730 972 97 pour la troiſieſme i'y ay encore couſu

22 1807 966 108 la nouuelle façon des vers meſurés,

664 1893 176 97 A iij
