1749 2481
629 518 486 116 SONNET

459 628 844 97 DE ROLAND BRISSET,

544 719 675 85 SIEVR DV SAVVAGE.

455 835 848 85 Au Sieur de VERVILLE, ſur

569 911 604 104 ſon Hiſtoire veritable.

654 1044 656 82 ' Inimitable Homere au iugement d'Ho¬

728 1114 99 58 race,

459 1056 168 190 L

649 1149 657 81 Mieux & plus pleinemẽt que chryſippe

492 1240 702 70 Du deuoir, de l'honneſte, & de l'utile encor

730 1217 338 42 & .Crantor

494 1306 812 54 Parle és deux beaux ſujets que ſa Muſe compaſſe.

461 1348 766 66 Mais à mon iugement meſine Homere tu paſſe,

492 1391 656 72 Voilant ſous les replis de ceſte gaze d'or

490 1441 716 68 Cent diſcours de vertu que tu mets à l'eſſor,

492 1490 667 66 Où avec le plaiſir le profit ſ'entrelaſſe.

461 1548 640 52 Le ſage Alcidamas l'Odyſſee appeloit

494 1585 689 62 Le miroir de la vie, où chacun ſe regloit;

492 1639 814 54 Tel la nomme autrement cõme il la trouue utile;

457 1687 571 57 Si tu n'auois icyton liure intitulé,

455 1726 691 70 le ſerois ſon parrain, & ſeroit appellé

492 1778 814 68 Le Miroir des seigneurs, & d'honneur domicile.

740 1902 216 55 εἰς τὸ ἀυτὸ.

461 1947 704 62 Ζήσεται Βερβιλίου γλυκερός πόνος, ἤθεσι μιγνύς

546 1999 551 70 ὅπλα τ', κί τερπνιώ οὔασιν ἰςορίαν.
