1749 2481
455 744 830 89 TABLE DV CONTENV

513 820 724 85 AV LIVRE DV VOYAGE

589 907 543 85 des Princes Fortunez.

556 1060 617 77 ENTREPRISE I.

540 1157 658 89 FRONTISPICE.

678 1271 421 74 DESSEIN I.

685 1370 612 75 Ntreprise pour la conqueſte de la

672 1436 631 58 Nymphe Xyrille : condition des Con¬

670 1482 631 64 querans, qui ayans eſté eſchouez ſont

480 1364 124 265 E

660 1525 641 66 ſecourus par un vaiſſeau de Naba¬

668 1581 631 64 donce, où ils trouuerent les Fortunez

438 1614 673 85 auec leſquels ils vont en Sympſiquee.

840 1674 66 62 II.

471 1711 826 71 Vne Dame raconte à un des Fortunez la perte

440 1769 857 58 de Fulonde, duquel on portoit le Cenotaphe en cere¬

440 1821 853 74 monies, durant leſquelles il apparoit & eſt recognu.

440 1866 75 60 I3.

790 1902 93 80 III.

473 1949 818 87 Fulonde raconte ce que la vieille Fee luy fit, &

436 2013 855 106 comme ietté en la grotte, il fut avec le ſerpent, ou il
