1749 2481
455 510 869 68 veſcut de la pierre raſſaſiante. Le ſerpent l'eſleur

455 572 867 58 de la grotte. Et la vieille Fee s'y precipita. 21

809 622 128 52 IIII.

494 655 828 72 Roſolphe n'aymant point les Dames, deuient Ser¬

455 723 869 56 uiteur de Feriſtee, qu'ayant veuë il demande à fem¬

455 771 867 49 me. Eſtant Roy, elle luy demande un don, qu'il luy

459 820 865 50 octroye ſous des conditions qu'ils debattent, & elle

455 862 869 64 le vainc. Il la faict ietter au fonds de la Tour des

457 915 851 52 chiens. 31

840 942 43 77 V.

492 998 832 64 Feriſtee conſeruce par le Taliſmam de la Cani¬

459 1052 865 60 cule, ſe reture en un uillage chez un baſtelleur, elle

459 1101 865 58 oit dire que le Roy eſt tres-malade, ſur quoy elle

459 1149 863 62 conſeille au Baſtelleur d'aller trouuer le Roy, & luy

457 1197 867 68 promettre guariſon. Le baſtelleur ſous la feinte d'un

455 1244 867 72 ſinge preſente Feriſtee au Roi, qui l'a reçoit magni¬

455 1304 880 54 fiquement. 42

840 1343 68 62 VI.

496 1397 822 56 L'Ambaſſdeur de Nabadonce eſt bien receu &

455 1443 871 64 ſatisfaict de ceux de sympſiquee. Les Fortunez

459 1492 865 66 partenet pour aller à leurs deſirs. Conditions des

459 1546 869 56 Inſulaires. 53

825 1573 116 70 VII.

523 1629 803 66 Les Fortunez eſtans partis nous euſmes de la

461 1685 857 68 pierre raſſaſiante, puis partiſmes de sympſiquee, &

455 1734 873 68 ſurgiſmes au havre de l'Empire de Glindicee. La

455 1784 871 66 façon de vivre de l'Empereur tres accompli, dont

457 1829 871 73 fut ialouſe Etherine fille du Roy de Boron, laquelle

457 1879 873 72 pour ceſte cauſe fit une hazardenſe entrepriſe auec

455 1928 888 71 le prince de France. 57

803 1982 140 56 VIII.

517 2022 809 70 Le marchand ayant veu l'Empereur, luy laiſſe

459 2079 869 79 Etherine, ét l'Empereur la baille en garde à la Fec

780 448 182 73 Table
