1749 2481
453 479 861 77 Epinoyſe à laquelle elle raconta ſon eſtre & condi¬

451 533 863 74 tion, ſous une belle fainte. L'Empereur s'addonne

451 591 451 64 à aymer Etherine du tout.

809 634 95 60 IX.

484 674 830 78 Pour une legere parole l'Empereur s'indigne con¬

451 727 865 68 tre Etherine, & la fait expoſer aux bois. La nuict

451 777 865 72 il s'en ſouuient, la regrette, on l'ennoye cherche, on

451 831 857 64 ne l'a peut trouver : dont il entre en telle angoiſſe,

453 874 859 74 qu'il endevient tres malade, & encor eſt pl faſché

451 924 863 72 quand par la venuë d'un Ambaſſadeur, il ſceut qui

453 986 281 58 eſtoit Etherine.

846 1011 56 72 X.

511 1066 801 66 Les Fortunez reuenus conſolent l'Empereur.

451 1122 859 62 Fonſteland fait une belle partie pour l'amour de

449 1172 861 58 Lofnis. Les Fortunez concluent avec l'Empereur

445 1217 660 75 le voyage en l'Hermitage d'Honneur.

813 1273 93 54 XI.

484 1306 832 81 Epinoyſe n'y penſant point, ſe laiſſa ſurprendre

447 1370 865 54 à l'amour, pour le ſuict de caualiree auquel elle le

451 1414 432 60 declare, & il s'en excuſe.

815 1451 126 68 XII.

486 1505 830 66 Progrez de la vengeance ce que veut prendre Epi¬

449 1560 863 62 noyſe des Fortunez, l'Empereur perſuadé l'eſcoute,

451 1610 861 66 & ſe dispose de ſçauoir ce qui eſt d'un auertiſſement

451 1658 855 74 qu'elle luy donne de trahiſon par les Fortunez. 109

484 1744 830 73 Par l'artifie d'Epinoyſe, l'Empereur penſema!

794 1707 137 58 XIII.

451 1806 859 67 des Fortunez & les fait mener chacun à part és iſles

451 1848 857 74 dangereuſes. Cualiree eſchappant de l'iſle des

451 1897 857 67 Lyons, vient en celle des Serpens où ul trouue ſon

459 1949 857 68 Frere Fonſtelland. 117

482 2034 824 99 Vuarambe en l'iſle Deſerte trouuve la Lentille

778 1991 167 70 XIIII.

678 413 348 83 des Deſſeins.

1061 2110 82 71 ẽ ẏ
