1749 2481
498 611 685 83 ENTREPRISE III.

565 727 548 87 PRELVDE.

629 853 395 69 DESSEIN I.

507 967 780 64 Egations des Ambaſſadeurs de Sobare & de

447 977 51 114 L

519 1008 770 71 Glindicee vers le Roy de Nabadonce. L'Am¬

430 1064 857 68 baſſadeur du Roy de Nabadonce ver l'Empereur.

430 1108 859 74 cognoiſt les Fortunez, & ſous une belle feinte les fait

426 1161 855 67 cognoiſtre à l'Empereur. 447

465 1248 826 68 Partement de l'Empereur. Excellence de l'Her¬

805 1209 87 54 II.

428 1300 863 66 mitage. Hymne de la natiuité du daufin. Plainte

434 1352 851 64 de l'Empereur. Diſcours amoureux de Lofnis &

434 1397 857 70 Fonſteland. Le Roy de Nabadonce enuoye à ſes

430 1451 859 74 fils pour les receuoir en grace. Diſcours plaintifs

432 1503 877 62 de l'Empereur. 455

798 1544 108 62 III.

490 1604 799 66 Parties plaiſantes pour le ſujet des Dames &

426 1654 867 70 ſur tout de Lofnis. Contre ceux qui ſ'offrent à tou¬

434 1703 855 66 tes Dames. Stances contre les ſorciers & charla¬

436 1753 859 72 tans. Couſtumes d'vn May. Rèmonſtrances de

432 1804 859 65 Lofnis à Fonſtelland. 468

463 1914 834 60 Arriuee de l'Empereur en Nabadonce. Don de

765 1873 127 53 IIII.

436 1957 861 69 Seliſe. Les Princes receus du Roy. Reſponses de

436 2009 857 87 l'Empereur pour les ſept Damoiselles & avec Sar¬

662 388 352 70 des Deſſeins.
