1749 2481
796 537 102 72 XI.

480 585 826 72 Belles pointes d'amour. Reuers contre les ames

447 636 852 77 qui deſpriſent les belles promptitudes. Amours

447 684 848 76 galans de Voſolint & de la petite Floride. Traict

442 733 851 77 ſur le ſuiet d'un miroir. Paſſions amoureiſes ſur

440 787 855 68 le suiet d'un crayon. 584

809 866 118 78 XII.

478 975 821 73 Deux Amans muets ſont preſentez. Celuy qui

442 1035 857 56 les conduit raconte leur auanture. Les menees du

442 1075 853 70 Geant ſur les enfans du grand Roy Lecu, & ſur ſa

440 1122 851 70 perſonne. Le fils de Leci mal traict de ſon pere,

438 1172 845 76 eſt en fin celuy qui le deliure. 603

473 1312 822 73 Galantiſe du Prince de Brancho pour Lofnis.

788 1271 149 56 XIII.

436 1366 859 68 Poemes ſur le iaune paillé. Inuention de Gnoriſe

436 1418 830 60 pour deſtourner l'opinion mauuaiſe des Amans.

440 1465 81 79 615

469 1550 830 81 Qui eſt le plus fidele en amour, les dames on

761 1505 178 66 XIIII.

434 1602 855 76 les hommes. Exemples d'amour eſtranges. &

436 1656 855 70 difficilles ou ſans raiſon. Le verd & ſa ſignifica¬

434 1703 857 79 tion. Amour determiné d'une Damoyſelle. 261

463 1844 832 66 Hymne ſur la couleur de Matalieree. Diſcours du

813 1794 106 64 XV.

432 1906 865 62 curieux Glancugelle avec la Souueraine Interpré¬

432 1943 861 70 tation de Optimu Philoſophati, melius viue¬

430 2003 861 64 re. A qui conuiennent ces gentilleſſes. Amours eſtrã¬

432 2044 857 81 ges. Depart de l'amant incognu. 642

670 423 342 87 des Deſſeins.
