1749 2481
821 549 133 73 XVI.

507 649 819 74 Amours chaſtes de Gifeol & aderite. L'entre¬

469 707 857 70 priſe de la Tyranne Garonince, pour bailler Ade¬

473 756 853 60 rite à ſon fils qui en deuint amoureux. Comme les

471 806 855 58 chaſtes Amans voyoient en la Lune. Les trois que¬

471 851 851 73 ſtions difficiles expoſees par Gifeol. Le criſtal mer¬

469 901 855 62 uilleux, par le moyen duquel Gifeol ſurprend Ga-

480 951 745 72 ronince,luy fait ſon procez & eſt fait Roy.

794 1050 170 58 XVII.

513 1132 815 77 Loüange du du gris! Le Plaidoyé de la Royne de so¬

473 1201 855 51 bare contre Viuarambe : comparution de la Fee

476 1240 848 64 Epinoyſe, & ſon abſolution. Amours de Serafiſe

476 1290 821 62 & de conſtant : Fantaſies d'Amants differentes.

480 1341 97 60 676.

817 1381 184 68 XVIII.

511 1474 817 74 Humilitez de viuarambe à ſa Royne. La cham¬

471 1536 857 60 bre de la Tourterelle. Quitte,libre, & iouyr de ſes

473 1587 853 60 amours. Amour immortel. Que c'eſt que Sentence,

476 1629 852 64 Arme, Deuiſe, & c. Pointe des Amours de Belca¬

473 1682 853 60 dor.Les douces reproches de Caliambe à ſon Fortu¬

476 1730 850 81 né. Le frere d'Etherine vient en l'Hermitage. 692

817 446 164 75 Table
