1749 2481
511 578 664 85 ENTREPRISE IIII.

610 696 472 83 ENTREE.

641 808 406 70 DESSEIN I.

527 917 756 62 E iour pour l'exercice de la Pieté. La ſepmai¬

434 911 71 120 L

517 963 768 68 ne d'excellence reſeruec pour l'Empereur, ſtru¬

428 1017 861 66 cture du lieu de deuotion. Artifice de la figure d'un

432 1060 857 62 Crucifix. Baſtiment de ſale eſgale. De l'inuention

428 1112 863 58 des lettres, de la ſcience nottee. Comment ie deuins

426 1157 873 66 curieux. Particularitez Royales. 711

471 1252 820 67 L'Hiſtoire de Pleraſte fille de la Terre, racontee

788 1213 70 54 II.

426 1310 857 54 au cabinet myſterieux. 725

486 1397 805 64 Apres ſouper ſur la brune, il vint un bal de

782 1362 116 52 III.

428 1451 863 66 Bergers & Bergeres. L'Empereur les conſidera

426 1501 861 62 fort, & penſe u auoir ven Etherine. 751

455 1608 838 50 L'entree du grand Melancholique contempteur

782 1556 128 52 IIII.

434 1645 859 60 de ces gentilleſſes. Il eſt mis nud en la Tour d'Exa¬

430 1697 861 68 men. Il en ſort par un bel artifice, aydé par ſon

430 1751 853 49 Page. 758

469 1846 822 62 Gnoriſe parle à l'Empereur. Le marchand de

778 1786 47 60 V.

432 1895 859 58 la figure d'argent vient demander ſon don. Le

430 1943 855 58 grand Melancholique ſe preſente & eſt recognu &

432 1993 859 70 honoré. L'Empereur ſe plaint & accuſe. La liqueur

426 2042 859 50 notable. 766

662 399 341 82 des Deſſeins.
