1749 2481
409 742 886 105 L'HISTOIRE

546 843 611 91 VERITABLE,

786 930 95 70 OV

447 998 815 77 LE VOYAGE DES PRINCES

645 1073 433 68 FORTVNEZ.

461 1174 797 72 ENTREPRISE PREMIERE:

602 1261 517 70 FRONTISPICE.

629 1337 674 70 Es Rois verronticy la gloire de leurs

623 1391 689 64 magnificences, les Grands qui ont

629 1445 674 60 fait eſtat de la Vertv, jugeront par

430 1329 176 229 L

639 1488 673 64 ces Diuerſirez des [[]]Ets heureux que

430 1540 888 68 produiſent les actions genéreuses :  Et les Dames

430 1594 890 64 pudiques iettans l'oeil ſur ces trauerſes y remar¬

428 1639 890 58 queront les difeles profits qu'apportent les paſ¬

428 1691 888 53 ſions legitimes conduites par RAISON: Car tou¬

430 1736 892 56 tes ames d'honneur que la curioſité pouſſera vers

428 1790 894 54 ces recherches, diſcerneront en ces meſlanges les

432 1831 894 62 effects accomplis qui reüſſiſſent abondamment

434 1885 892 58 du DEVOIR. Mais ie demande pardon au Ciel.

434 1935 886 56 à l'Amour, & aux beaux eſprits , de ce que ie pre¬

432 1982 894 56 ſente indiferemment à tout le monde les excel¬

432 2026 898 91 lens myſteres de perfecti [[]] ur ſouſſrir meſmes

1107 2090 52 51 A
