1749 2481
411 485 886 83 fait penſer. En ceſte liberté vous ayant pour gui¬

411 543 888 64 de aſtre de mon bon-heur, vous ſeul dont l'vni¬

411 589 888 74 que faueur m'eſleue à produire ces grands deſ¬

411 638 892 73 ſeins, ie ne fay plus de difficulté d'eſtaler les pre¬

413 694 893 62 cieux ſecrets de Sapience :  Ie me licentie donc, &

418 736 885 74 prenant carriere pour eſtre conduit aux vrais ſen¬

416 785 890 73 tiers d'Amour, ie m'adreſſe auſſi à vous BELLE

418 835 888 64 que ie reuere ſous pluſieurs de ces noms, eſquels

416 886 890 58 la vertu reluit; à vous lumiere de mon cœur de la¬

418 934 888 58 quelle ie chante l'honneur ſous ces feintes verita¬

420 979 886 60 bles où ie meſle mes deſirs, mes ſeruices, mes paſ¬

422 1029 884 60 ſions, & les galantiſes de ma dexterité : Prenez y

426 1075 886 70 plaiſir, afin que ie trauerſe heureuſement toutes

424 1124 886 68 diſpoſitions contraires à mes belles entrepriſes:

428 1178 880 56 Et vous tous qui participerez à ces delices, reſ¬

424 1223 888 56 iouyſſez-vous d'icelles & les gouſtez; Ne penſez¬

428 1269 884 70 pas que ces Rois ſoient cauſes de ces effects:

428 1321 886 58 Amour qui triomphe de tout , les a reduits ſous

430 1379 886 53 ſon obeiſſance pour les faire trophees de me arti¬

432 1418 888 58 fices: Ce n'eſt pas auſſi pour leure ſeruice que ie

432 1467 882 56 m'occupe, ie les fav ſeruir aux intentions qui eſ¬

434 1513 888 60 lancent ma valeur. Ceux qui ſont maiſtres de leurs

436 1573 884 56 penſees ſont Rois en leurs courages; ce qu'ils ho¬

436 1610 886 62 norent, eſt la loy & le loyer qui les contraint à

436 1662 888 56 mettre au iour ce qu'ils meditent. Ces eſcriuains

438 1716 886 51 qui ſe donnent de l'affiction au receuil des Hi¬

434 1757 894 58 ſtoires dont poſſible ils ne ſçauent rien, pource

440 1806 886 58 que tout ce qui ſort des humains, eſt ſouuent ſu¬

440 1854 888 58 iet à ne conuenir à la verité, Ces pauurets qui mer¬

442 1904 888 60 cenaires ſe moleſtent l'ame à eſrire les actes des

442 1953 888 60 Grands,ſont ſeulement proclameurs de la glore

440 1995 895 66 des autres, qui ont l'honneur entier des actions

445 2044 890 77 vertueuſ.s. Ie ne ſeray point de la ſorte, car ſans

577 423 532 89 fortunez. Entrepriſe I.

1256 436 41 68 3

1105 2108 103 62 A ij
