1749 2481
465 479 785 66 Mais des deſſeins tracés au iour d'une beauté

467 539 747 56 La Fortune s'auance,& le Temps s'autoriſe.

424 580 573 58 Auſſi ie ne pretends autre felicité

469 640 685 56 Que de me conſumer en ma fidelle flame,

465 684 646 62 Car ie ne recognoy que la ſeule beauté

469 725 837 66 qui cauſe, & qui nourrit; ce beau feu dãs mõ ame.

426 777 760 66 Je n'ay point de deſir de Fortune ou d'eſpoir,

469 824 675 65 Que de me diſpoſer à vous faire ſeruice,

465 880 745 56 Mediter apres vous,& vous rendre deuoir,

465 926 752 53 Eſt de mon cœur heureux l'agreable exercice.

420 975 788 54 Vn doux aër de vos yeux bluettant doucement,

469 1029 748 50 Plus que toutes grandeurs mon ame gratifie,

465 1075 721 51 Ie ne vay recherchant autre contentement

467 1120 766 60 Que viure de ces feux qui font vivre ma vie:

422 1161 724 60 Ma Belle croyez moy que ie n'eſtime rien

467 1211 801 60 Aupris d'auoir l'honneur de voſtre belle grace,

465 1269 735 50 Seulement le penſer ,m'apporte tant de bien

467 1310 733 56 Que tout autre deſir de mon eſprit s'esface.

420 1354 797 66 Ie ne practque point les Rois pour leur faueur,

465 1410 747 59 Et ie ne diſcours pas ainſi qu'un mercenaire;

467 1451 754 66 Je ſuis aſſez contant de vous dire l'honneur,

465 1501 841 68 que i'ay de rechercher ma Belle à vous complaire.

424 1548 882 64 Toutesfois quand les deſtours de mes penſees

420 1598 883 62 m'en donneront le loiſir , & que ie m'auiſeray

422 1658 881 49 de preſter mon induſtrie aux geſtes recommanda¬

422 1697 884 64 bles de quelque Roy qui m'excitera dignement à

420 1747 883 55 manifeſter ſes vertus aux yeux du monde, il ny

418 1798 881 54 aura rien de galant que ie ne propoſe; rien de bra¬

420 1846 886 54 ue que ie ne face briller, & rien de vertueux que ie

418 1895 885 52 ne face eſclatter : Et bien que parauanture les pa¬

418 1937 888 60 roles que i'en retracerois,Fuſſent de petite appa¬

420 1993 886 53 rence, ſi eſt-ce que ſous l'humble eſcorce de ml

420 2036 883 68 façon de dire on verroit tant reluire de beautez,

569 421 571 81 fortunez. Entrepriſe. I.

1275 427 24 85 5

1018 2092 120 64 A iij
