1749 2481
438 448 35 68 6

436 500 876 70 qu'encor que le ſujet de mon diſcours fut tout

436 558 876 64 grand,on doutera qui ſurmonteroit en gloire ou

436 599 451 79 le Prince ou l'Hiſtorien.

534 758 680 87 DESSEIN PREMIER.

436 893 878 74 Entrepriſe pour la conqueſte de la Nymfe Xyrile:

490 938 822 83 confition des conquerans qui ayans eſté eſ¬

490 996 828 77 choués ſont ſecourus par un vaiſſeau de Na¬

492 1064 824 66 badonce, où ils trouuerent les Fortunés avec

492 1118 592 77 leſquels ils vont en Sympſiquee.

639 1248 679 58 Os aërs eſtoient adoucis de l'odeur

643 1300 677 52 de la Paix, le beau loiſir rendoit les af¬

473 1234 121 200 N

639 1343 679 54 faires ſeures, l'abondauce de commo¬

436 1436 884 69 ceur de la frequentation cordiale les conduiſoit

643 1395 675 58 ditez eſgayoit les bons eſprits, la dou¬

436 1486 882 60 aux ſuccez de leurs agreables deſſeins. Et la tran¬

440 1534 876 68 quilité de cœur faiſoit qu'auec plaiſir les ames cu¬

436 1585 884 58 rieuſes s'addonnoyent aux hõneſtes recherches &

438 1631 884 66 entrepriſes notables; Quand la renommee volant

438 1682 876 71 par tout, ſe donnoit licence parmy les courages

434 1734 882 54 auantureux d'auãcer le glorieux nom de la Nym¬

438 1775 880 63 phe Xyrile, de laquelle ou repetoit tant de verita¬

436 1829 886 56 bles merueilles, que ſi les ſtatuës inanimees euſsẽt

438 1881 876 60 eu les oreilles percees, elles s'en fuſſent eſmeuës.

436 1924 886 67 Au retentiſſement de tant de loüanges, trop de

436 1970 886 68 cœurs furent eſucillez pour la deſirer. Et qui a-il

438 2019 880 60 plus aymable que ce qui eſt beau ? eu de plus de¬

438 2065 880 83 ſirable que le Bien? On la parãgonnoit à la beauté,

618 438 534 78 Le voyage des Princes
