1749 2481
529 541 667 73 DESSEIN SECOND.

436 628 876 74 Vne Dame raconte à un des Fortunez la perte

486 684 826 68 de Fulondes, duquel on portoit le Cenotafe

484 740 828 78 en ceremonies, durant leſquelles il apparoiſt

488 804 294 74 & eſt recognu.

490 911 822 66 I on vouloit naifuement repreſenter la Me¬

500 959 812 68 tropolitaine de ceſte Iſle, il connuiendroit aſ¬

434 1011 880 59 ſembler toutes les belles maiſons qui ſont en

436 1062 870 58 France çà & là, & en conſtituer vne ville qui ſe¬

434 1114 880 56 roit le vray pourtraict de ceſte-cy,ornee de Palais

436 1157 878 58 magnifiques, decoree de theatres,& amphithea¬

438 1203 876 64 tres ſomptueux , embellie de iardins & parterres

436 1252 876 62 exquis, & accompagnee d'vn haure tout indu¬

438 1314 876 50 ſtrieuſement acheué. Eſtans-là nous n'euſmes pas

434 1354 882 56 ſeulement pour obiet des edifices excellens, mais

434 1407 882 50 nous faiſions rencontre de pluſieus trouppes de

440 1453 876 56 Dames & Gentils-hommes qui nous demon¬

438 1507 874 51 ſtroyent tant d'accueil, que ce que nous en voy¬

442 1558 876 50 ons,ſurmontoit aiſement ce que nous en pou¬

442 1596 878 60 uions eſperer. Or à noſtre arriuee nous remar¬

442 1647 876 56 quaſmes que ces Dames auoyent le viſage vn peu

440 1697 872 52 triſte; Ce n'eſtoit pas ſans cauſe que nous eſti¬

440 1744 880 62 maſmes qu'il y eut là quelque auanture notable,

440 1798 876 50 & principalement voyans pluſieurs portiques pa¬

440 1840 878 66 rez, eſquels diuerſité de gens conuenoyent, celà

440 1889 878 58 occaſionna l'aiſné des Fortu*nez d'arroiſonner

440 1943 880 50 ainſi la Dame qui l'entretenoit. Madame, ie vous

442 1984 880 64 ſipplie par voſtre courtoiſie de m'excuſer ſi ie

442 2030 874 74 vous requiers d'vne faueur; Quelle, dict la Dame,

571 405 561 82 fortunez. Entrepriſe I.

447 941 44 86 S

1241 415 50 68 13

422 2086 227 64 4 cuauliree
