1749 2481
455 471 848 107 AVIS AUX BEAUX

658 554 424 74 ESPRITS,

457 647 842 97 Touchant le voyage des PRINCES

521 723 776 77 FORTVNEZ, qui eſt vn oeuure

517 791 782 75 STEGANOGRAFIQVE, con¬

521 851 778 81 tenant ſous le plaiſant voile des

519 924 778 84 diſcours d'Amour, tout ce qu'il

519 992 774 93 y a de plus exquis és ſecrets re¬

521 1066 780 79 cherchez par les curieux des

523 1135 410 78 bonnes ſciences.

718 1248 588 77 EST ANT delecté aux ouúra¬

712 1302 594 79 ges de plaiſir, ſuyuant auidement

705 1356 594 78 les delices d'eſprit où ma curioſité

703 1418 596 74 me portoit, i ay eu enuie de faire

473 1244 224 269 M

699 1476 602 70 part de mon contentement à ceux

449 1525 852 75 qui ſeront eſmeus de ſemblable fantaſie, & qui

447 1583 852 75 incitez par beaux deſirs, ont volõté de ſe recreer

449 1641 850 77 aux obiets de perfectiõ, leſquels on peut remner

449 1697 844 78 en toute  feurté pour ſ'en reſiouir Et par les ri¬

451 1751 855 72 cheſſes des ſecrets que l'on y deſcouure tous les

449 1815 859 66 iours, recognoiſtre cegrãd D I E V, qui en quel¬

447 1871 854 72 que petit ſuiet que ce ſoit, enuelope une infinité

445 1924 856 79 de choſes dignes d'eſtre cognues. Or pource que

438 1980 870 89 ſiie traictois ces magnificences apertement, il

995 2040 124 77 ã iiy
