1749 2481
442 487 855 65 bon.jeur &ie luy en donne la gloire, cõme eſtant

445 541 852 68 l'organe dont Dieu ſ'eſt ſerui pour m'animer en¬

445 614 854 53 tre les mortels. Outre plus, i' ay eu pour ſtimula¬

442 657 853 74 tion non ſeulement, ains auſsi pour fourniture

442 711 847 78 d'eſtoſes Monſieur le Digne, ſieur de Condes,

447 767 846 76 qui me cognoiſſant preſque dés la ſortie de

442 833 841 68 l'enfance, & ſachant l'inclination de mon eſprit,

449 895 844 51 & les practiques qui m'occupent, m'a dõné des

445 938 852 73 memoires qu'il auoit recueillis de pluſieurs oeu¬

445 996 852 72 ure eſtrangeres, doctes & antiques, tendans à

442 1050 857 72 meſme fin : & de ſon beau labeur i' ay pris ce qui

442 1106 849 76 m'a ſemblé ſe rapporter à mes inuẽtions, & pour

445 1164 850 74 n'eſtre point ingrat, ie veux dire que ce qu'il

445 1221 854 67 m'a donné m'a fait inuenter le reſte, & l'adapter

434 1275 851 75 ſelon l'analogie de l'ouurage. Or, Belles ames,

430 1331 853 76 ſauourez voſtre propre contentemẽt, & cognoiſ¬

438 1391 845 74 ſez que ce que nous faiſons n'eſt que pourvons:

440 1447 835 82 Car ie ne fais eſtat que des eſprits de merite, &

440 1501 468 82 qui ſe plaiſent à la vertu.

583 1573 408 54 Plus auant vous le lirez,

583 1618 472 60 Et plus au coeur vous l'aurez.

434 1672 843 77 Vir inſipiens non agnoſcet & ſtultus non intelliges

693 1720 294 64 hœc. Pſalm. 92.

579 1771 431 52 Quelqu'vn me lira enuieux

575 1809 561 62 De la gloire qu'on me doit rendre,

573 1852 495 45 Lequel taſchant à faire mieux,

573 1895 515 52 Me feuillettera pour apprendre.

827 1957 371 58 BEROALDE.

910 2003 257 52 Ni pour ſalaire,

908 2042 321 66 Ni pour complaire.
