1749 2481
579 496 578 89 STANCES,

461 591 828 93 SVR LE SVIET DE

583 682 576 89 CET OEVVRE,

519 808 702 76 Au Sieur de VERVILLE.

540 938 710 73 Es viuantes ardeurs des flames amoureuſes

538 1000 751 58 Portent leurs mouuemens ſur l'eſſence du beau,

486 1052 718 52 Car la Beauté contraint les ames genereuſes

484 1095 805 66 De prendre iour au raiz de l'amoureux flãbeau.

451 1170 834 70 Tout ce qu'Amour projette, & tout ce qu'il propoſe,

482 1223 782 65 N'eſt peint que ſur l'object de la meſine Beauté,

482 1269 697 56 Si quelque bel eſprit à l'honneur ſe diſpoſe

482 1312 706 64 Son deſir eſt touſiours ſur l'Amour arreſté.

449 1387 838 76 Mais ce qu'on dit d'Amour n'eſt pas ce que l'on pẽſe.

480 1447 697 60 Le commun n'entend pas ces belles notions,

482 1490 670 68 Les eſprits ſerieux en gardent la ſcience,

482 1550 693 60 Les autres vont au vent de leurs opinions.

449 1620 799 60 Ceux qui touchez d'Amour à ſes graces aſpirent

480 1670 718 56 Comme chers fauoris de la table des Dieux,

480 1713 782 60 Ne ſont point attachez aux ſujets que deſirent

480 1763 807 72 Ceux qui cerchent la terre & negligent les cieux.

447 1831 801 83 C'eſt ainſi que l'on voit les chofes plus parfaictes.

478 1893 772 66 Que l'on cognoiſt l'Amour en ſes eſlancements,

478 1933 811 76 Alors qu'en cetranſport les armes ſont diſtraictes,

480 1982 772 87 Par l'heureuſe douceur de leurs contentements.
