1685 2473
560 156 427 72 Contre l’Hyver.

1258 177 47 59 9

243 218 1058 74 rien au feu de s’échauffer contr’elle,

241 284 1058 82 ſa rage n’aboutit ( aprés avoir bien pe¬

239 350 1056 74 rillé) qu’à le contraindre à ſe devorer

237 414 1054 68 ſoy-même plus viſte. Nous avons

235 476 1056 80 beau prendre le Bouclier, l’Hyver eſt

233 541 1051 71 une mort de ſix mois répanduë ſur

233 610 1051 68 tout un côté de cette boule, que nous

228 675 1052 68 ne ſçaurions éviter; c’eſt une courte

228 735 1050 72 vieilleſſe des choſes animées; c’eſt un

224 803 1052 70 eſtre qui n’a point d’action, & qui

220 869 1052 72 cependant ( tous braves que nous

218 933 1050 76 ſoyons ) ne nous approche jamais ſans

214 995 1052 78 nous faire trembler. Nôtre corps po¬

214 1057 1048 70 reux delicat, eſtendu, ſe ramaſſe, s’en¬

212 1125 1050 66 durcit, & s’empreſſe à fermer ſes ave¬

208 1182 1050 75 nuës, à barricader un million d’inviſi¬

208 1248 1048 75 bles portes, & à les couvrir de petites

206 1316 1052 77 Montagnes: Il ſe meut, s’agiſte, ſe

204 1378 1047 83 debat, & dit pour excuſe en rougiſſant,

204 1446 1045 68 que ces fremiſſemens ſont des ſorties

200 1504 1041 78 qu’il fait à deſſein de repouſſer l’ennemy

197 1574 1050 76 qui gagne ſes dehors. Enfin ce n’eſt pas

191 1634 1050 76 merveille que nous ſubiſſions le deſtin de

189 1702 1050 66 tous les vivans ; mais le barbare ne s’eſt

191 1768 1052 72 pas contenté d’avoir ôté la langue à nos

189 1827 1044 68 Oyſeaux, d’avoir des-habillé nos Ar¬

183 1887 1044 83 bres, d’avoir coupé les cheveux à Cerés,

183 1953 1048 78 & d’avoir mis nôtre grande Mere toute

177 2021 1052 76 nuë, a fin que nous ne puiſſions nous

171 2079 1056 103 ſau  r par eau dans un climat plus doux,

845 2155 124 81 A.v.
