1653 2465
548 156 432 57 Contre l’Hyver.

1219 172 53 51 13

226 209 1056 82 eſt ſi grande; que tout ſe prend juſques

226 279 1054 68 aux manteaux; A dix heures du ſoir le

224 340 1054 74 Filoux morfondu ſous un vant grelote,

222 404 1052 78 & ſe conſole lors qu’il regarde le premier

217 470 1053 78 paſſant, comme un Tailleur qui luy ap¬

215 532 1051 82 porte ſon habit. Lors qu’il prendra fan¬

211 595 1057 70 taſie à l’Hyver, ce vieil endurcy, d’aller

211 661 1051 70 à confeſſe, voila, Monſieur, l’examen

209 729 1053 65 de ſa conſcience à un peché preſt, car

207 788 1051 70 c’eſt un cas reſervé dont il n’aura jamais

205 852 1055 68 l’abſolution, vous-même jugez s’il eſt

205 916 1055 80 pardonnable, il me vient d’engourdir les

203 983 1053 81 doigts, afin de vous perſuader que je

203 1045 1053 82 ſuis un foid Amy, puis que je tremble

205 1109 831 74 quand il eſt queſtion de me dire,

289 1179 508 78 MONSIEUR,

746 1306 456 90 Vôtre Serviteur:

396 1470 638 78 AV MESME,

489 1557 460 69 POUR LE

279 1643 870 100 PRINTEMPS.

417 1752 598 82 LETTRE II.

185 1873 164 133 M

345 1856 448 87 ONSIEUR,

236 1994 989 80 Ne pleurez plus, le beau-temps eſt re¬

172 2060 1053 105 venu, le Soleil s eſt reconcilié avec les
