<?xml version="1.0" encoding="UTF-8"?>
<alto xmlns:xsi="http://www.w3.org/2001/XMLSchema-instance"
      xmlns="http://www.loc.gov/standards/alto/ns-v4#"
      xsi:schemaLocation="http://www.loc.gov/standards/alto/ns-v4# http://www.loc.gov/standards/alto/v4/alto-4-2.xsd">
  <Description>
    <MeasurementUnit>pixel</MeasurementUnit>
    <sourceImageInformation>
      <fileName>f25.jpg</fileName>
      
    </sourceImageInformation>
  </Description>
  
  <Tags>
    <OtherTag ID="BT2101" LABEL="DamageZone" DESCRIPTION="block type DamageZone"/><OtherTag ID="BT2102" LABEL="DigitizationArtefactZone" DESCRIPTION="block type DigitizationArtefactZone"/><OtherTag ID="BT2103" LABEL="DropCapitalZone" DESCRIPTION="block type DropCapitalZone"/><OtherTag ID="BT2104" LABEL="GraphicZone" DESCRIPTION="block type GraphicZone"/><OtherTag ID="BT2105" LABEL="MainZone" DESCRIPTION="block type MainZone"/><OtherTag ID="BT2106" LABEL="MarginTextZone" DESCRIPTION="block type MarginTextZone"/><OtherTag ID="BT2107" LABEL="MusicZone" DESCRIPTION="block type MusicZone"/><OtherTag ID="BT2108" LABEL="NumberingZone" DESCRIPTION="block type NumberingZone"/><OtherTag ID="BT2109" LABEL="QuireMarksZone" DESCRIPTION="block type QuireMarksZone"/><OtherTag ID="BT2110" LABEL="RunningTitleZone" DESCRIPTION="block type RunningTitleZone"/><OtherTag ID="BT2111" LABEL="SealZone" DESCRIPTION="block type SealZone"/><OtherTag ID="BT2112" LABEL="StampZone" DESCRIPTION="block type StampZone"/><OtherTag ID="BT2113" LABEL="TableZone" DESCRIPTION="block type TableZone"/><OtherTag ID="BT2114" LABEL="TitlePageZone" DESCRIPTION="block type TitlePageZone"/>
    <OtherTag ID="LT735" LABEL="DefaultLine" DESCRIPTION="line type DefaultLine"/><OtherTag ID="LT736" LABEL="DropCapitalLine" DESCRIPTION="line type DropCapitalLine"/><OtherTag ID="LT737" LABEL="HeadingLine" DESCRIPTION="line type HeadingLine"/><OtherTag ID="LT738" LABEL="InterlinearLine" DESCRIPTION="line type InterlinearLine"/><OtherTag ID="LT739" LABEL="MusicLine" DESCRIPTION="line type MusicLine"/>
  </Tags>
  
  <Layout>
    <Page WIDTH="1617"
          HEIGHT="2533"
          PHYSICAL_IMG_NR="6"
          ID="eSc_dummypage_">
      <PrintSpace HPOS="0"
                  VPOS="0"
                  WIDTH="1617"
                  HEIGHT="2533">
        
        <TextBlock HPOS="399"
                   VPOS="229"
                   WIDTH="80"
                   HEIGHT="48"
                   ID="eSc_textblock_1eb315e8"
                   TAGREFS="BT2108">
          <Shape><Polygon POINTS="402 229 399 275 479 277 479 229"/></Shape>
          
          
          <TextLine ID="eSc_line_131952f7"
                    TAGREFS="LT735"
                    BASELINE="403 265 470 261" 
                    HPOS="398"
                    VPOS="219"
                    WIDTH="72"
                    HEIGHT="57">
            <Shape><Polygon POINTS="462 219 441 221 420 223 398 225 403 265 403 276 470 270 470 261 464 219 462 219"/></Shape>
	    <String CONTENT="18"
                    HPOS="398"
                    VPOS="219"
                    WIDTH="72"
                    HEIGHT="57"></String>
          </TextLine>

          
        </TextBlock>
        
        <TextBlock HPOS="663"
                   VPOS="213"
                   WIDTH="517"
                   HEIGHT="66"
                   ID="eSc_textblock_844854dc"
                   TAGREFS="BT2110">
          <Shape><Polygon POINTS="678 215 663 279 1173 279 1180 213"/></Shape>
          
          
          <TextLine ID="eSc_line_dba2a2b8"
                    TAGREFS="LT735"
                    BASELINE="669 265 1169 265" 
                    HPOS="669"
                    VPOS="211"
                    WIDTH="500"
                    HEIGHT="63">
            <Shape><Polygon POINTS="1158 219 1129 213 1112 213 1097 211 975 221 914 211 901 211 892 211 867 221 838 211 838 211 825 211 812 223 764 223 698 211 690 211 675 211 669 217 669 265 669 274 1169 274 1169 265 1169 230 1158 219"/></Shape>
	    <String CONTENT="Pour le Printemps."
                    HPOS="669"
                    VPOS="211"
                    WIDTH="500"
                    HEIGHT="63"></String>
          </TextLine>

          
        </TextBlock>
        
        <TextBlock HPOS="357"
                   VPOS="276"
                   WIDTH="1118"
                   HEIGHT="1933"
                   ID="eSc_textblock_4f0dacb9"
                   TAGREFS="BT2105">
          <Shape><Polygon POINTS="357 292 377 2209 1453 2209 1475 276"/></Shape>
          
          
          <TextLine ID="eSc_line_5d9000ba"
                    TAGREFS="LT735"
                    BASELINE="394 331 1446 325" 
                    HPOS="392"
                    VPOS="272"
                    WIDTH="1054"
                    HEIGHT="80">
            <Shape><Polygon POINTS="1405 282 1389 280 1372 280 1363 280 1359 278 1093 272 1091 272 1089 272 1047 284 1044 284 1019 284 667 276 664 276 466 287 455 278 455 276 453 276 451 276 449 276 392 289 394 331 394 339 728 352 730 352 732 352 762 339 766 337 770 339 795 350 797 350 800 350 918 337 937 337 941 337 971 350 973 350 975 350 977 350 1023 337 1030 337 1038 337 1110 348 1112 348 1443 335 1446 325 1441 284 1427 284"/></Shape>
	    <String CONTENT="ne trouve pas pour ces diſputes que le"
                    HPOS="392"
                    VPOS="272"
                    WIDTH="1054"
                    HEIGHT="80"></String>
          </TextLine>

          
          
          <TextLine ID="eSc_line_4dc4907b"
                    TAGREFS="LT735"
                    BASELINE="396 394 1441 386" 
                    HPOS="396"
                    VPOS="333"
                    WIDTH="1045"
                    HEIGHT="82">
            <Shape><Polygon POINTS="396 405 641 415 643 415 645 415 669 403 673 403 869 403 884 413 886 413 888 413 890 413 952 401 960 401 979 401 1118 411 1120 411 1439 396 1441 386 1437 348 1378 333 1376 333 1275 346 1196 333 1194 333 1192 333 1190 333 1171 350 1009 350 968 335 966 335 964 335 962 335 909 350 774 337 772 337 770 337 768 337 768 339 755 350 420 339 417 339 415 339 413 339 411 339 396 394"/></Shape>
	    <String CONTENT="Printemps en ſoit moins agreable: Ma¬"
                    HPOS="396"
                    VPOS="333"
                    WIDTH="1045"
                    HEIGHT="82"></String>
          </TextLine>

          
          
          <TextLine ID="eSc_line_a7bac401"
                    TAGREFS="LT735"
                    BASELINE="394 460 1443 453" 
                    HPOS="392"
                    VPOS="398"
                    WIDTH="1051"
                    HEIGHT="70">
            <Shape><Polygon POINTS="394 460 394 468 1441 462 1443 453 1437 411 1188 413 1182 413 1116 398 1114 398 1112 398 1110 398 1091 413 1091 415 956 415 954 415 911 401 909 401 907 401 905 401 871 415 755 401 753 401 751 401 749 401 749 403 734 417 734 420 713 420 616 420 601 405 601 403 599 403 597 403 595 403 508 413 417 403 415 403 413 403 411 403 392 415 394 460"/></Shape>
	    <String CONTENT="thieu Gareau faute de tout ſon cœur au"
                    HPOS="392"
                    VPOS="398"
                    WIDTH="1051"
                    HEIGHT="70"></String>
          </TextLine>

          
          
          <TextLine ID="eSc_line_5ea0d24d"
                    TAGREFS="LT735"
                    BASELINE="394 523 1441 517" 
                    HPOS="392"
                    VPOS="462"
                    WIDTH="1049"
                    HEIGHT="76">
            <Shape><Polygon POINTS="394 523 394 531 1382 538 1384 538 1439 525 1441 517 1437 477 1317 477 1317 474 1289 462 1287 462 1285 462 1283 462 1281 462 1266 474 1264 477 1072 477 1066 474 1042 464 1040 464 1038 464 1036 464 1013 474 1006 479 968 479 964 474 956 466 956 464 954 464 952 464 949 464 947 464 924 474 916 479 808 479 804 472 795 466 795 464 793 464 791 464 740 464 738 464 736 464 734 464 734 466 726 472 721 477 715 472 707 466 705 466 702 466 700 466 698 466 681 472 662 479 645 472 626 466 624 466 622 466 620 466 603 472 584 479 557 472 534 466 531 466 529 466 392 470 394 523"/></Shape>
	    <String CONTENT="broüet de ſa Tante: le plus mauvais gar¬"
                    HPOS="392"
                    VPOS="462"
                    WIDTH="1049"
                    HEIGHT="76"></String>
          </TextLine>

          
          
          <TextLine ID="eSc_line_2fdb0af1"
                    TAGREFS="LT735"
                    BASELINE="396 591 1443 582" 
                    HPOS="396"
                    VPOS="525"
                    WIDTH="1047"
                    HEIGHT="85">
            <Shape><Polygon POINTS="396 591 396 603 656 597 696 601 776 610 778 610 781 610 806 599 812 597 819 599 844 610 846 610 848 610 911 599 933 595 945 597 979 607 981 607 983 607 1032 597 1040 595 1042 597 1051 603 1051 605 1053 605 1055 605 1057 605 1059 605 1076 597 1161 607 1163 607 1165 607 1167 607 1167 605 1180 595 1182 595 1194 605 1196 605 1199 605 1201 605 1256 595 1266 593 1441 593 1443 582 1437 538 1332 540 1329 538 1317 527 1317 525 1315 525 1313 525 1260 525 1258 525 1256 525 1253 525 1253 527 1241 540 1237 540 1180 540 1177 540 1156 527 1154 527 1152 527 1150 527 1148 527 1114 540 1110 542 1106 540 1080 527 1078 527 1076 527 1074 527 1072 527 1072 529 1059 542 1057 544 876 544 871 544 840 531 838 531 835 531 833 531 831 531 831 534 819 544 819 546 749 546 749 544 732 531 732 529 730 529 728 529 656 529 654 529 652 529 605 544 538 531 536 531 534 531 531 531 531 534 517 546 422 536 420 536 417 536 415 536 409 538 396 591"/></Shape>
	    <String CONTENT="çon du Village jure par ſa ſy qu’il fera"
                    HPOS="396"
                    VPOS="525"
                    WIDTH="1047"
                    HEIGHT="85"></String>
          </TextLine>

          
          
          <TextLine ID="eSc_line_5fcf9226"
                    TAGREFS="LT735"
                    BASELINE="394 654 1443 643" 
                    HPOS="392"
                    VPOS="591"
                    WIDTH="1051"
                    HEIGHT="84">
            <Shape><Polygon POINTS="1429 597 1418 591 1416 591 1414 591 1412 591 1334 603 1296 591 1294 591 1291 591 1289 591 1228 607 1082 607 1036 593 1034 593 1032 593 1030 593 1000 607 812 595 810 595 808 595 755 610 624 597 622 597 527 612 422 601 420 601 417 601 392 612 394 654 394 660 715 675 717 675 1032 656 1089 671 1091 671 1093 673 1232 673 1232 671 1234 671 1237 671 1262 654 1357 654 1372 664 1374 664 1376 664 1378 664 1443 650 1443 643 1441 639 1429 597"/></Shape>
	    <String CONTENT="cette année grand peur au Papegay: le Vi¬"
                    HPOS="392"
                    VPOS="591"
                    WIDTH="1051"
                    HEIGHT="84"></String>
          </TextLine>

          
          
          <TextLine ID="eSc_line_785c0eb0"
                    TAGREFS="LT735"
                    BASELINE="398 719 1443 711" 
                    HPOS="396"
                    VPOS="656"
                    WIDTH="1047"
                    HEIGHT="82">
            <Shape><Polygon POINTS="398 719 398 726 424 738 426 738 428 738 430 738 466 728 656 738 658 738 776 726 905 736 907 736 909 736 952 724 1338 732 1340 732 1443 717 1443 711 1441 669 1397 656 1395 656 1393 656 1310 669 1275 656 1272 656 1270 656 1268 656 1266 656 1266 658 1253 671 1218 671 1110 671 1074 658 1072 658 1070 658 1068 658 1044 671 1034 660 1034 658 1032 658 1030 658 962 658 960 658 958 658 956 658 956 660 943 673 844 673 831 662 831 660 829 660 827 660 753 660 751 660 626 675 428 664 426 664 424 664 396 675 398 719"/></Shape>
	    <String CONTENT="gneron appuyé ſur un échalas, rit dans ſa"
                    HPOS="396"
                    VPOS="656"
                    WIDTH="1047"
                    HEIGHT="82"></String>
          </TextLine>

          
          
          <TextLine ID="eSc_line_e3298318"
                    TAGREFS="LT735"
                    BASELINE="392 783 1439 774" 
                    HPOS="392"
                    VPOS="719"
                    WIDTH="1047"
                    HEIGHT="81">
            <Shape><Polygon POINTS="392 783 392 789 650 800 652 800 928 787 1405 793 1408 793 1410 793 1439 781 1439 774 1437 734 1401 719 1399 719 1397 719 1327 732 1289 719 1287 719 1285 719 1283 719 1281 719 1281 721 1268 732 1112 721 1110 721 1108 721 1074 734 1061 724 1061 721 1059 721 1057 721 1011 721 1009 721 935 734 918 721 916 721 914 721 911 721 861 724 859 724 857 724 857 726 844 736 844 738 797 738 738 738 700 724 698 724 696 724 694 724 650 738 645 738 633 738 477 726 474 726 405 738 392 783"/></Shape>
	    <String CONTENT="barbe à meſure qu’il void pleurer ſa Vi¬"
                    HPOS="392"
                    VPOS="719"
                    WIDTH="1047"
                    HEIGHT="81"></String>
          </TextLine>

          
          
          <TextLine ID="eSc_line_d708f1ec"
                    TAGREFS="LT735"
                    BASELINE="396 848 1439 840" 
                    HPOS="396"
                    VPOS="785"
                    WIDTH="1043"
                    HEIGHT="80">
            <Shape><Polygon POINTS="1433 802 1230 802 1186 785 1184 785 1182 785 1180 785 1127 802 1004 787 1002 787 1000 787 998 787 975 802 928 787 926 787 924 787 922 787 920 787 897 802 728 789 726 789 724 789 721 789 707 802 656 789 654 789 652 789 650 789 620 802 567 791 565 791 563 791 561 791 561 793 546 806 422 795 420 795 417 795 415 795 409 797 396 848 396 865 1437 848 1439 840 1437 821 1433 802"/></Shape>
	    <String CONTENT="gne: Enfin l’exemple de la Nature me"
                    HPOS="396"
                    VPOS="785"
                    WIDTH="1043"
                    HEIGHT="80"></String>
          </TextLine>

          
          
          <TextLine ID="eSc_line_ec3b8646"
                    TAGREFS="LT735"
                    BASELINE="396 909 1433 903" 
                    HPOS="396"
                    VPOS="848"
                    WIDTH="1037"
                    HEIGHT="84">
            <Shape><Polygon POINTS="396 909 398 932 434 922 660 928 688 928 690 928 705 928 802 918 859 924 888 928 890 928 954 924 1015 918 1021 922 1030 928 1032 928 1034 928 1036 928 1038 928 1051 922 1059 918 1066 922 1080 928 1082 928 1085 928 1131 920 1156 916 1190 920 1256 926 1258 926 1431 913 1433 903 1429 865 1317 848 1315 848 1313 848 1310 848 1310 850 1296 865 1114 865 1023 865 1021 865 947 850 945 850 943 850 918 863 897 850 895 850 892 850 890 850 888 850 848 865 806 850 804 850 802 850 800 850 797 850 797 852 783 865 643 852 641 852 639 852 610 867 572 852 569 852 567 852 565 852 531 865 485 852 483 852 481 852 409 867 396 909"/></Shape>
	    <String CONTENT="perſuade ſi bien le plaiſir, que toute ſuje¬"
                    HPOS="396"
                    VPOS="848"
                    WIDTH="1037"
                    HEIGHT="84"></String>
          </TextLine>

          
          
          <TextLine ID="eSc_line_c700f14b"
                    TAGREFS="LT735"
                    BASELINE="394 975 1441 970" 
                    HPOS="392"
                    VPOS="913"
                    WIDTH="1049"
                    HEIGHT="89">
            <Shape><Polygon POINTS="394 975 394 992 664 992 669 992 696 1002 698 1002 700 1002 702 1002 728 992 730 992 734 992 753 1002 755 1002 757 1002 831 994 850 992 903 994 1036 1000 1038 1000 1040 1000 1057 994 1072 989 1087 994 1099 1000 1101 1000 1104 1000 1106 1000 1120 996 1135 989 1152 996 1169 1000 1171 1000 1173 1000 1213 996 1260 989 1270 996 1275 1000 1277 1000 1279 1000 1281 1000 1441 996 1441 970 1439 928 1427 916 1427 913 1424 913 1422 913 1420 913 1418 913 1376 926 1281 913 1279 913 1277 913 1275 913 1260 928 1171 928 1099 913 1097 913 1095 913 1059 926 1023 913 1021 913 1019 913 1017 913 973 926 930 913 928 913 926 913 924 913 922 913 899 928 757 916 755 916 753 916 715 928 677 916 675 916 673 916 671 916 669 916 669 918 656 930 572 930 527 916 525 916 523 916 466 928 428 916 426 916 424 916 422 916 392 928 394 975"/></Shape>
	    <String CONTENT="tion étant douloureuſe, je ſuis preſque à"
                    HPOS="392"
                    VPOS="913"
                    WIDTH="1049"
                    HEIGHT="89"></String>
          </TextLine>

          
          
          <TextLine ID="eSc_line_c4f07d4f"
                    TAGREFS="LT735"
                    BASELINE="396 1036 597 1042" 
                    HPOS="394"
                    VPOS="987"
                    WIDTH="203"
                    HEIGHT="89">
            <Shape><Polygon POINTS="396 1036 394 1053 460 1074 462 1074 464 1074 466 1074 496 1059 502 1057 550 1057 555 1063 567 1074 567 1076 569 1076 572 1076 574 1076 576 1076 595 1065 597 1042 597 1002 483 987 481 987 409 996 396 1036"/></Shape>
	    <String CONTENT="regret,"
                    HPOS="394"
                    VPOS="987"
                    WIDTH="203"
                    HEIGHT="89"></String>
          </TextLine>

          
          
          <TextLine ID="eSc_line_fa33fac3"
                    TAGREFS="LT735"
                    BASELINE="489 1167 998 1173" 
                    HPOS="487"
                    VPOS="1106"
                    WIDTH="511"
                    HEIGHT="78">
            <Shape><Polygon POINTS="996 1118 975 1112 954 1106 933 1106 911 1106 901 1106 831 1112 736 1106 721 1106 700 1106 679 1106 658 1106 637 1106 626 1106 620 1110 614 1106 595 1106 578 1106 574 1110 572 1110 504 1110 489 1116 489 1167 487 1175 994 1184 998 1173 998 1118 996 1118"/></Shape>
	    <String CONTENT="MONSIEUR,"
                    HPOS="487"
                    VPOS="1106"
                    WIDTH="511"
                    HEIGHT="78"></String>
          </TextLine>

          
          
          <TextLine ID="eSc_line_0fbf003a"
                    TAGREFS="LT735"
                    BASELINE="825 1300 1281 1300" 
                    HPOS="825"
                    VPOS="1245"
                    WIDTH="615"
                    HEIGHT="76">
            <Shape><Polygon POINTS="1247 1298 1226 1296 1205 1296 1184 1296 1163 1298 1142 1298 1236 1301 1260 1263 1093 1249 1091 1249 1089 1249 1042 1245 1013 1245 1011 1245 1009 1245 1006 1245 1006 1247 985 1264 971 1253 968 1253 966 1253 852 1245 850 1245 848 1245 846 1245 846 1247 842 1249 825 1296 825 1300 1005 1321 1440 1296 1281 1300 1281 1298 1268 1298"/></Shape>
	    <String CONTENT="Vôtre Serviteur,"
                    HPOS="825"
                    VPOS="1245"
                    WIDTH="615"
                    HEIGHT="76"></String>
          </TextLine>

          
          
          <TextLine ID="eSc_line_8d553445"
                    TAGREFS="LT737"
                    BASELINE="610 1505 1220 1505" 
                    HPOS="610"
                    VPOS="1443"
                    WIDTH="610"
                    HEIGHT="70">
            <Shape><Polygon POINTS="1201 1458 1180 1458 1158 1458 1144 1456 1133 1460 1127 1456 1116 1456 1095 1456 1074 1454 1053 1454 1051 1454 1044 1460 1036 1454 1032 1454 1011 1454 992 1452 983 1458 975 1452 968 1452 947 1452 933 1450 914 1458 905 1450 884 1450 863 1448 842 1448 833 1448 819 1462 770 1462 753 1445 736 1445 715 1443 709 1443 692 1456 675 1443 673 1443 658 1443 610 1460 610 1505 610 1511 1218 1513 1220 1505 1220 1460 1211 1458 1201 1458"/></Shape>
	    <String CONTENT="AV MESME,"
                    HPOS="610"
                    VPOS="1443"
                    WIDTH="610"
                    HEIGHT="70"></String>
          </TextLine>

          
          
          <TextLine ID="eSc_line_a9a1762d"
                    TAGREFS="LT737"
                    BASELINE="523 1631 1294 1631" 
                    HPOS="523"
                    VPOS="1545"
                    WIDTH="771"
                    HEIGHT="105">
            <Shape><Polygon POINTS="523 1631 523 1644 1291 1650 1294 1631 1294 1566 1268 1545 1266 1545 1264 1545 1262 1545 1118 1551 1116 1551 1114 1551 1106 1559 1091 1547 1091 1545 1089 1545 1087 1545 1085 1545 1038 1547 1036 1547 1034 1547 1034 1549 1013 1568 968 1553 966 1553 964 1553 962 1553 924 1568 920 1570 848 1570 846 1566 833 1555 833 1553 831 1553 829 1553 827 1553 523 1562 523 1631"/></Shape>
	    <String CONTENT="POUR L’ÉTÉ."
                    HPOS="523"
                    VPOS="1545"
                    WIDTH="771"
                    HEIGHT="105"></String>
          </TextLine>

          
          
          <TextLine ID="eSc_line_c41a6025"
                    TAGREFS="LT737"
                    BASELINE="622 1745 1222 1741" 
                    HPOS="622"
                    VPOS="1673"
                    WIDTH="600"
                    HEIGHT="87">
            <Shape><Polygon POINTS="622 1758 1196 1760 1199 1760 1201 1760 1222 1747 1222 1741 1220 1692 1182 1673 1180 1673 1177 1673 1108 1690 1106 1690 1082 1676 1080 1676 1078 1676 1076 1676 1074 1676 1072 1676 1072 1678 1057 1688 1055 1690 1042 1688 977 1680 975 1680 973 1680 956 1688 949 1690 947 1688 935 1676 935 1673 933 1673 930 1673 928 1673 926 1673 897 1686 880 1692 859 1686 842 1680 840 1680 838 1680 835 1680 823 1684 808 1692 797 1684 785 1676 783 1676 781 1676 778 1676 776 1676 753 1684 736 1690 730 1684 728 1682 728 1680 726 1680 724 1680 677 1680 675 1680 673 1680 671 1680 671 1682 669 1682 658 1692 622 1682 622 1745 622 1758"/></Shape>
	    <String CONTENT="LETTRE III."
                    HPOS="622"
                    VPOS="1673"
                    WIDTH="600"
                    HEIGHT="87"></String>
          </TextLine>

          
          
          <TextLine ID="eSc_line_bb722d6b"
                    TAGREFS="LT736"
                    BASELINE="396 1914 548 1914" 
                    HPOS="396"
                    VPOS="1804"
                    WIDTH="152"
                    HEIGHT="121">
            <Shape><Polygon POINTS="396 1925 548 1925 548 1914 548 1887 451 1887 449 1882 439 1874 439 1872 436 1872 505 1898 546 1901 538 1809 396 1804 396 1914"/></Shape>
	    <String CONTENT="M"
                    HPOS="396"
                    VPOS="1804"
                    WIDTH="152"
                    HEIGHT="121"></String>
          </TextLine>

          
          
          <TextLine ID="eSc_line_fec7878f"
                    TAGREFS="LT735"
                    BASELINE="531 1853 985 1855" 
                    HPOS="529"
                    VPOS="1783"
                    WIDTH="456"
                    HEIGHT="87">
            <Shape><Polygon POINTS="531 1853 529 1861 981 1870 985 1855 985 1802 941 1783 939 1783 937 1783 747 1794 599 1785 597 1785 531 1798 531 1853"/></Shape>
	    <String CONTENT="ONSIEUR,"
                    HPOS="529"
                    VPOS="1783"
                    WIDTH="456"
                    HEIGHT="87"></String>
          </TextLine>

          
          
          <TextLine ID="eSc_line_136d1d52"
                    TAGREFS="LT735"
                    BASELINE="455 1994 1429 1988" 
                    HPOS="453"
                    VPOS="1925"
                    WIDTH="976"
                    HEIGHT="76">
            <Shape><Polygon POINTS="1424 1931 1403 1931 1382 1931 1361 1931 1340 1929 1319 1929 1298 1929 1277 1927 1256 1927 1234 1927 1213 1927 1184 1927 1182 1927 1180 1927 1161 1931 1131 1939 1120 1933 1108 1925 1106 1925 1104 1925 1101 1925 1099 1925 1097 1925 1097 1927 1091 1933 1082 1944 1030 1944 1019 1935 1013 1929 1011 1929 1009 1929 1006 1929 1004 1929 1002 1929 996 1935 987 1944 776 1944 757 1941 690 1929 688 1929 686 1929 683 1929 662 1944 658 1946 593 1946 561 1946 466 1929 464 1929 462 1929 460 1929 460 1931 458 1931 453 1935 455 1994 455 2001 1427 1996 1429 1988 1424 1931 1424 1931"/></Shape>
	    <String CONTENT="Que ne direz vous point du Soleil s&#39;il"
                    HPOS="453"
                    VPOS="1925"
                    WIDTH="976"
                    HEIGHT="76"></String>
          </TextLine>

          
          
          <TextLine ID="eSc_line_147972b8"
                    TAGREFS="LT735"
                    BASELINE="392 2047 1429 2053" 
                    HPOS="390"
                    VPOS="2009"
                    WIDTH="1039"
                    HEIGHT="65">
            <Shape><Polygon POINTS="392 2047 390 2055 521 2058 534 2070 536 2070 538 2070 540 2070 688 2060 757 2072 759 2072 762 2072 806 2062 840 2072 842 2072 844 2072 1139 2064 1150 2072 1150 2074 1152 2074 1154 2074 1156 2074 1158 2074 1161 2074 1173 2066 1184 2074 1186 2074 1188 2074 1190 2074 1427 2062 1429 2053 1427 2009 396 2009 392 2047"/></Shape>
	    <String CONTENT="vous avoit rôty vous-même; puis que"
                    HPOS="390"
                    VPOS="2009"
                    WIDTH="1039"
                    HEIGHT="65"></String>
          </TextLine>

          
          
          <TextLine ID="eSc_line_68f1864b"
                    TAGREFS="LT735"
                    BASELINE="394 2112 1433 2117" 
                    HPOS="392"
                    VPOS="2062"
                    WIDTH="1041"
                    HEIGHT="74">
            <Shape><Polygon POINTS="394 2112 392 2119 624 2134 626 2134 629 2134 660 2123 683 2134 686 2134 688 2136 890 2136 890 2134 892 2134 895 2134 911 2123 937 2136 939 2136 941 2136 994 2125 1070 2136 1072 2136 1074 2136 1110 2125 1127 2136 1129 2136 1131 2136 1133 2136 1135 2136 1167 2125 1325 2136 1327 2136 1431 2123 1433 2117 1431 2062 1317 2064 1315 2064 1313 2064 1313 2066 1302 2074 1283 2064 1281 2064 1279 2064 1277 2064 1232 2072 1203 2062 1199 2062 1196 2062 1194 2062 1192 2062 1190 2062 1156 2077 1063 2074 1055 2064 1053 2064 1053 2062 1051 2062 1049 2062 1047 2062 1044 2062 1038 2064 1009 2077 977 2064 968 2062 966 2062 964 2062 962 2062 956 2064 926 2077 394 2070 394 2112"/></Shape>
	    <String CONTENT="vous vous plaignez de luy, lors qu’il"
                    HPOS="392"
                    VPOS="2062"
                    WIDTH="1041"
                    HEIGHT="74"></String>
          </TextLine>

          
          
          <TextLine ID="eSc_line_d60fc988"
                    TAGREFS="LT735"
                    BASELINE="394 2176 1427 2182" 
                    HPOS="392"
                    VPOS="2121"
                    WIDTH="1035"
                    HEIGHT="86">
            <Shape><Polygon POINTS="394 2176 392 2197 1422 2207 1427 2182 1427 2127 1234 2125 1232 2125 1230 2125 1228 2125 1169 2140 1047 2140 1028 2125 1025 2123 1023 2123 1021 2123 1019 2123 1017 2123 1013 2125 979 2140 747 2140 717 2123 711 2121 709 2121 614 2121 612 2121 610 2121 607 2121 605 2123 588 2134 576 2123 574 2123 574 2121 572 2121 569 2121 567 2121 565 2121 559 2123 521 2136 394 2123 394 2176"/></Shape>
	    <String CONTENT="hâte l’aſſaiſonnement de vos viandes?"
                    HPOS="392"
                    VPOS="2121"
                    WIDTH="1035"
                    HEIGHT="86"></String>
          </TextLine>

          
        </TextBlock>
        
        <TextBlock HPOS="395"
                   VPOS="1796"
                   WIDTH="157"
                   HEIGHT="129"
                   ID="eSc_textblock_46d30d2d"
                   TAGREFS="BT2103">
          <Shape><Polygon POINTS="407 1799 395 1925 552 1922 540 1796"/></Shape>
          
        </TextBlock>
        

        
      </PrintSpace>
    </Page>
  </Layout>
</alto>
