1605 2525
379 244 84 56 20

737 235 309 65 Pour l'Eté.

377 305 1040 73 promener par le Ciel les nuës, ces grands

372 361 1043 70 arrouſoirs dont il éteint la ſoif de nos

374 431 1041 76 Campagnes alterées, encore dans une

370 490 1043 80 faiſon où il eſt ſi fort épris de nôtre beau¬

368 557 1041 76 té, qu’il nous veut voir tous nuds. J’ay

370 622 1043 66 bien de la peine à m’imaginer s’il n’atti¬

366 683 1043 80 roit à ſoy beaucoup d’eau pour y moüil¬

364 744 1047 78 ler & rafraîchir ſes rayons, comment il

362 812 1047 67 nous baiſeroit ſans nous brûler, mais

362 877 1051 78 quoy qu’on diſe, nous en avons toûjours

360 944 1047 74 le reſte; car au temps même que la Cani¬

358 1005 1049 68 cule par ſon ardeur, ne nous en laiſſe

360 1071 1047 77 preciſément que pour la necefſité; n’a-t’il

358 1134 1044 80 pas ſoin de faire enrager les ſiens de peur

353 1199 1049 76 qu’ils n’en boivent? vous fulminez enco¬

353 1262 1047 69 re contre luy, ſur ce qu’il dérobe ( dites¬

353 1325 1047 78 vous ) juſqu’à nos ombres: il nous les

351 1401 1049 67 ôte ( je l’avoüe ) & il n’a garde de les

349 1451 1049 85 laiſſer auprés de nous, voyant qu’à toute

345 1517 1051 73 heure elles ſe divertiſſent à nous effrayer,

347 1584 1045 74 voyez comme il monte au plus haut de

343 1643 1045 86 nôtré horiſon pour les mettre à nos pieds,

345 1710 1045 78 & pour les recogner ſous terre, d’où elles

341 1771 1044 89 ſont parties. Quelque haine cependant,

341 1839 1049 79 qu’il leur porte, quelque proche de leur

339 1902 1051 69 ſin qn’ellea ſe trouvent, il leur donne la¬

339 1967 1040 74 vie quand nous nous mettons entre deux;

334 2032 1045 76 c’eſt pourquoy ces Filles de la nuit cou¬

334 2095 1047 70 rent tout à l’entour de nous pour ſe tenir

334 2163 1051 84 à couvert des armes du Soleil; ſçachant
