1699 2527
573 185 308 80 Pour l'Eté.

1165 155 68 114 21

183 259 1052 80 bien qu'il aimera mieux s’abſtenit de la

189 326 1048 72 victoire, que de ſe reſoudre à les tuër au¬

187 395 1050 74 travers de nos corps. Ce n’eſt pas que

189 456 1046 68 durant toute l’année il ne ſoit pour nous

189 520 1048 69 tout de feu ; & il le montre aſſez, n’en

196 587 1043 70 repoſant ny nuit ny jour: Mais en Eté

193 648 1042 70 toute-fois ſa paſſion devient bien autre;

196 711 1043 72 il brûle, il court, il ſemble devaler de

196 777 1043 71 ſon cercle, & ſe voulant jetter à nôtre

193 842 1046 78 col, il en tombe de ſi prés, que pour le¬

202 903 1037 84 gere que ſoit l’Eſſence d’un Dieu, la moi¬

196 972 1047 74 tié des hommes dégoutte de ſueur en le

202 1038 1039 73 portant. Nous ne laiſſons pas toutefois de

196 1099 1045 78 nous affliger quand il nous quitte; les

196 1162 1045 78 nuits mêmes ſympatiſant à ſa complexion,

198 1227 1047 68 deviennent claires & chaudes, à cauſe¬

200 1286 1043 74 qu’à ſon départ la laiſſé ſur l’Horiſon

200 1362 1045 74 une partie de ſon équipage, comme avant

198 1419 1043 67 à revenir bien-tôt. Le mois de May veri¬

198 1484 1047 76 tablement fait germer les fruits, les

198 1545 1047 70 nouë & les grofſit: mais il leur laiſſe une

202 1608 1043 85 âpreté mortelle qui nous étrangleroit, ſi

200 1672 1041 82 celuy de Juin n’y paſſoit du ſucre. Poſſi¬

204 1737 1041 82 ble m’objectera-t’on que par ſes chaleurs

198 1802 1045 70 exceſſives il met les herbes en cendre, &

198 1863 1047 78 qu’en-ſuite il fait couler deſſus des orages

202 1928 1045 87 de pluye: mais penſez-vous qu’il ait

206 1994 1041 76 grand tort ( nous voyant tout ſalis du

204 2055 1043 76 hâle ) de nous mettre à la leſſive? & je

210 2118 1040 101 veux qu’il fut brûlant juſqu’à nous con¬
