1577 2469
384 172 87 70 24

751 172 307 64 Pour l'Eté.

380 238 1057 78 ment de vous, pour éviter l’impertinen¬

380 302 1042 84 ce qu’il y auroit de me mander à moy¬

378 360 422 86 même. Je ſuis,

479 493 527 83 MONSIEUR,

866 633 437 64 Vôtre Serviteur.

564 831 640 72 AV MESME,

671 936 430 74 CONTRE

465 1047 832 94 L’AUTOMNE.

574 1178 595 81 LETTRE IV.

343 1308 171 144 M

533 1306 430 82 ONSIEUR,

407 1452 980 70 Il me ſemble que j’aurois maintenant

335 1514 1046 82 bien du plaiſir à peſter contre l’Autom¬

335 1584 1046 76 ne, ſi je ne craignois de fâcher le Ton¬

327 1650 1050 65 nerre, luy qui non content de nous tuer,

327 1709 1052 68 n’eſt pas ſatisfait s’il n’aſſemble trois

327 1775 1048 66 Bourreaux differens dans une mort, &

327 1837 1046 68 s’il ne nous maſſacre tout à la fois par les

323 1903 1046 76 yeux, par les oreilles, & par le toucher:

317 1964 1050 68 c’eſt-à-dire, par l’éclair, le Tonnerre,

317 2028 1050 72 & le carreau : l’éclair s’allume pour étein¬

314 2090 1048 84 dre nôtre vûë à force de lumiere, &

1066 2156 296 94 précipitant
