1683 2503
425 158 485 65 Contre l’Automne.

1125 168 58 76 25

146 219 1044 85 précipitant nos paupieres ſur nos prunel¬

144 285 1050 80 les, il nous fait paſſer de deux petites

146 350 1048 69 nuits de da largeur d’un double, dans

148 417 1046 71 une autre auſſi grande que l’Univers.

146 479 1050 77 L’air en s’agitant enflamme ſes apoſthu¬

148 554 1046 69 mes; en quelque part que nous tournions

146 617 1048 60 la vûë, un nuage ſanglant ſemble avoir

144 675 1050 73 déplié entre-nous & le jour, une tenture

144 736 1048 75 de gris brun, doublé de tafetas cramoi¬

148 803 1044 70 ſy ; le Foudre engendré dans la nuë,

146 867 1048 69 créve le ventre de ſa Mere, & la nnë

150 932 1044 77 groſſe en travail s’en délivre avec tant de

148 1007 1044 69 bruit, que les roches les plus ſauvages

146 1065 1046 65 s’ouvront aux cris de cét accouchement.

146 1128 1044 79 Il ne ſera pourtant pas dit que cette or¬

152 1193 1042 77 gueilleuſe ſaiſon me parle ſi haut, & que

148 1255 1042 71 je n’oſe luy répondre; Cette inſolente,

146 1324 1046 75 aux crimes de laquelle il ne manquoit

150 1384 1038 82 plus que de faire imputer à ſon Createur

146 1451 1040 71 Ies viees de la Nature. Mais quand l’in¬

148 1512 1040 73 juſtice de cent mille coups de Tonnerre

144 1576 1046 78 ſeroit une produdion de la Sageſſe

144 1639 1046 77 inſcrutable de Dieu, il ne s’enſuit pas

146 1704 1040 81 pour cela que la ſaiſon du Tonnerre,

141 1766 1045 69 c’eſt- à-dire la ſaiſon deſtinée à châtier

141 1833 1045 79 les coupables ſoit plus agreable que les

139 1900 1049 71 autres, ou bien il faut conclure que le

137 1962 1046 77 temps le plus doux de la vie d’un crimi¬

137 2027 1036 73 nel, eſt celuy de ſon execution: Je croy

137 2087 1046 86 qu’en ſuite de ce funeſte Metheore nous

929 2158 44 78 B
