1671 2527
425 210 78 61 28

712 210 484 61 Contre l’Automne.

419 267 1053 80 utiles, mais ſon dépit paſſe encore plus

417 332 1053 72 outre; car elle tâche d’empoiſonner ceux

417 398 1051 75 qui ne ſont pas morts de faim, & je n’a¬

415 465 1053 76 vance rien que je ne prouve: N’eſt-il pas

417 543 1047 55 vray que ne nous reſtant plus rien de peur

410 589 1058 76 entre tant de choſes dont l’uſage nous eſt

410 652 1060 74 neceſſaire, ſinon l’air, la Maraſtre l’a

410 722 1056 78 ſuffoqué de Contagion; Ne voyez-vous

408 787 1054 80 pas comme elle traîne la peſte, cette ma¬

408 850 1056 78 ladie ſans queuë qui tient la mort penduë

406 913 1058 66 à la ſienne en toutes les Villes de ce

406 983 1056 61 Royaume ? comme elle renverſe toute

406 1042 1054 69 l’œconomie de l’Univers & de la ſocieté

404 1107 1058 80 des hommes, juſqu’à couvrir de pourpre

408 1172 1054 68 des miſerables ſur un fumier, & jugez ſi

406 1236 1058 69 Ie feu dont elle s’alume contre nous eſt

406 1295 1052 73 ardent, quand il ſuſfit d’un charbon ſur

408 1377 746 57 un homme pour le conſumer.

482 1425 976 70 Voilà, Monſieur, les treſors & l’uti¬

410 1493 1048 67 lité de cette adorable ſaiſon, par qui vous

410 1556 1048 73 penſiez avoir trouvé le ſecret de la Corne

410 1621 1050 74 d’abondance. En verité, ne merite-t’elle

417 1684 1043 80 pas bien mieux des Satyres que des

415 1749 1047 78 Elogres, & ne devrions-nous pas même

417 1813 1043 75 déteſter les autres, à cauſe qu’elles ſont

417 1878 1041 72 en compagnie, & qu’elles la ſuivent

417 1943 1039 70 toûjours & la précedent? Pour moy,

419 2006 1039 82 je ne doute point qu’un jour cette enragée

417 2072 1039 75 ne pervertiſſe toutes ſes compagnes; &

421 2133 1037 86 en effet, nous obſervons qu’elles ont
