1629 2501
1163 177 55 75 31

285 498 791 79 DESCRIPTION II.

156 608 1037 96 DE L’ACQUEDUC,

262 725 818 81 OU LA FONTAINE

362 833 599 73 D'ARCUEIL.

143 954 1035 79 A MES AMIS LES BEVVEVRS

567 1021 192 73 d’Eau.

373 1142 557 77 LETTRE V.

127 1273 1049 67 Cette lettre d'Arcueil ayant été perduë, l'Auteur

175 1335 999 57 long-temps aprés en fit une autre : mais comme

175 1383 997 61 il ne ſe ſouvenoit preſque plus de la primiere, il

173 1435 997 67 ne rencontra pas les mêmes pensées: Depuis il

173 1498 995 46 retrouva la perduë : & comme il eſt aſſez enne¬

173 1538 995 60 my du travail, il ne creut pas que le ſujet ſût

173 1600 992 46 digne d’épurer chaquè Lettre en ôtant de chacu¬

171 1646 988 67 ne les imaginations qui ſe pourroient rencontrer

166 1688 297 60 dans l’autre.

110 1827 140 117 M

294 1809 475 83 ESSIEUIRS,

166 1946 985 86 Pied-là, picd-là; ma tête ſert de

104 2019 1043 75 Pont à une riviere, je ſuis deſſous, tout

98 2075 1047 100 au fonds ſans nager; & toutesfois j'y

765 2155 163 83 B.iiii.
