1765 2563
418 249 71 67 32

594 232 666 69 Deſcription de l'Aqueduc

410 292 1045 73 reſpire à mon aiſe. Vous jugez bien que

410 360 1038 77 c’eſt d’Arcueil que je vous écris. Icy

412 425 1045 68 l'eau conduite en triomphe, marche en

412 489 1038 72 haye d’un Regiment de pierres: on luy

412 553 1043 70 a dreſſé cent Portiques pour la recevoir:

414 615 1043 81 & le Roy la jugeant fatiguée d’être

416 681 1039 83 venuë à pied de ſi loin, envoya l’appuyer

414 745 1045 70 de peur qu’elle ne tombât. Ces excez

416 809 1043 73 d’honneur l’ont renduë ſi glorieuſe,

420 871 1037 73 qu’elle n’iroit pas à Paris ſi l’on ne l’y

418 937 1045 79 portoit: s’étant morfonduë d’avoir ſi

418 1005 1045 69 long-temps couché contre terre, elle

420 1063 1043 73 s’eſt fait dreſſer un lit plus haut : & l’on

420 1131 1039 82 tient par tradition que cét Aqueduc luy

420 1193 1045 79 ſembla ſi pompeux & ſi beau, qu’elle

427 1264 1043 70 vint d’elle-même s’y promener pour ſon

423 1324 1047 81 plaiſir : cependant elle eſt renfermée

423 1394 1049 64 entre quatre murailles, ſeroit-ce qu’on

420 1450 1047 72 l’eût convaincuë de s’être jadis trouvé

420 1518 1043 79 en la compagnie de celle de la mer pen¬

420 1580 1047 70 dant quelque naufrage? Il le faut bien :

423 1644 1044 75 car la Juſtice eſt icy tellement ſevere,

423 1710 1047 69 qu’on y contraint juſqu’aux fontaines de

423 1770 1047 75 marcher droit: & l’air de la Ville eſt ſi

423 1836 1047 84 contagieux qu’elles n’en ſçauroient ap¬

425 1905 1045 79 procher ſans gagner la pierre: ces

423 1967 1047 68 obſtacles toutesfois n’ont point empêché

423 2029 1049 79 qu’il n’ait pris à celle-cy une telle

423 2093 1053 81 démangeaiſon de la voir, qu’elle s’en

427 2157 1051 89 gratte demie lieuë durant contre. des
