1711 2517
428 226 77 63 34

615 205 663 69 Deſcription de l’Aqueduc

417 281 1052 58 point, encore qu’elle ſoit au tombeau;

417 333 1048 69 elle eſt vive depuis qu’elle eſt en terre:

413 398 1050 69 elle paſſe par-deſſus des murs, dont les

415 465 1046 76 portes ſont ouvertes: elle marche droit à

417 530 1052 65 tâtons, & court de toute ſa force ſans

415 589 1048 82 tomber. Hé bien, Meſſieurs, aprés

417 660 1046 65 tant de miracles ne meriteroit-elle pas

411 715 1050 77 bien d’être canoniſée, à Paris ſous le nom

413 782 1046 69 de S. Coſme, S. Benoiſt, S. Michel,

415 851 1048 78 S. Severin: Qui diroit cependant que la

413 914 1048 73 largeur de deux pieds meſure le deſtin de

413 981 1046 80 tout un peuple? Connoiſſez par là quel

413 1050 1041 72 honneur ce vous eſt, que moy, qui puis,

409 1107 1050 69 quand bon me ſemble, arrêter la liqueur

409 1172 1052 78 qui deſaltere tant d’honnêtes gens à

409 1235 1047 69 Paris, & qui tous les jours me fais ſer¬

411 1298 1052 84 vir devant le Roy, je m’abaiſſe juſqu’à

407 1367 252 82 me dire,

512 1493 575 86 MESSIEURS,

984 1627 462 67 Vôtre Serviteur,

980 1703 464 75 DE BERGERAC;
