1657 2501
641 175 278 77 d’Arcueil.

1210 200 61 83 35

527 383 421 65 AVTRE,

383 477 719 91 SUR LE MESME

650 564 179 77 Sujet.

418 671 632 79 LETTRE IV..

206 814 169 142 M

393 806 465 83 ESSIEURS,

273 946 979 71 Miracle, miracle, je ſuis au fond de

204 1010 1042 84 l’eau, & je n’ay pas dequoy boire, j’ay

202 1081 1044 73 un fleuve ſur la tête, je n’ay point per¬

198 1142 1048 68 du pied : & enfin je me trouve en un païs

200 1206 1044 67 où les fontaines volent, & où les rivieres

193 1267 1051 79 ſont ſi delicates qu’elles paſſent par deſ¬

195 1331 1049 77 ſus des ponts de peur de ſe moüiller : Ce

195 1398 1049 75 n’eſt point hiperbole, car à conſiderer

191 1456 1049 84 les grands Portiques ſur leſquels celle-cy

193 1525 1047 77 va comme en-triomphe, il ſemble qu’elle

189 1588 1049 66 ſe ſoit montée ſur des échaſſes pour

191 1652 1044 79 voir de plus loin, & pour remarquer

187 1715 1044 73 dans Paris les lieux où elle eſt neceſſaire;

183 1779 1052 77 ce ſont comme des arcs avec leſquels elle

183 1842 1055 67 décoche un million da fleches d’argent

181 1904 1054 78 liquide contre la ſoif, Tout à l’heure

179 1971 1054 67 elle étoit aſſiſe à cul-nu contre terre: mais

177 2034 1054 68 la voila maintenant quelle ſe promene

179 2098 1054 86 dans ſes galeries : elle porte ſa têre à

900 2173 121 75 B.vi.
