1621 2485
530 173 276 71 d'Arcueil.

1108 171 73 83 37

151 238 1051 72 morfond à force de courir, elle s’enterre

153 310 1047 64 toute vive dans un tombeau pour vivre

155 372 1047 71 plus long-temps : n’eſt-ce point que ſa

149 430 1049 73 beauté l’oblige à ſe cacher du Soleil de

151 499 1045 80 peur d’en être enlevée, ou que pourt

147 561 1049 76 s’être entenduë cajoler au Village, elle

147 629 1051 68 devienne glorieuſe qu’elle ne vueille plus

147 697 1053 67 marcher ſi on ne la porte; je ſçay bien

147 759 1046 67 que dans ce long bocal de pierre ( où ne

145 824 1048 66 ſçauroit méme entrer, un filet de lumie¬

143 886 1046 70 re ) on ne peut pas dire qu’elle ſoit éven¬

140 952 1051 79 tée; & je ſçay bien pourtant qu’elle n’eſt

143 1016 1044 83 pas ſage de paſſer par deſſus des portes

140 1085 1047 74 ouvertes: cependant peut-être que je la

140 1143 1043 78 blâme à tort: car je parle de ce mole

140 1211 1049 68 d’Architecture, ſans ſçavoit encore au

138 1275 1043 77 vray ce que c’eſt : c’eſt poſſible une nuë

136 1337 1043 81 petrifiée, un grand os dont la moüelle

134 1399 1045 73 chemine, un Arc en-Ciel ſolide, qui

136 1466 1041 78 puiſe de l’eau dans Arcueil pour la verſer

138 1530 1039 79 en cette Ville, en pâté de poiſſon qui a

134 1596 1041 68 trop de ſauce, une Nayade au lit qui a le

134 1658 1041 79 cours de ventre, un Apoticaire de l’Uni¬

134 1720 1039 83 verſité qui luy donne des Cliſteres: enfin

134 1789 1037 72 la Mere nourrice de toute une Ville,

128 1851 1049 70 dont les Robinets ſont les mammelles

126 1915 1045 81 qu’elle luy preſente à teter. Puis donc

124 1981 1049 79 qu’une ſi-longue priſon la rend mécon¬

118 2041 1053 75 noiſſable, allons un peu plus loin la voir

118 2108 1061 95 au ſortir du ventre de ſa Mere? O Dieu!
