1665 2495
582 158 279 64 d’Arcueil.

1184 182 46 61 39

195 226 1049 73 reçoit viſite de perſonne qu’elle ne luy

193 286 1055 75 donne ſon portrait : en recompenſe elle

191 349 1055 66 à recû du Ciel le don de faire das mira¬

191 413 1051 81 cles; ce n’eſt pas une choſe que j’avance

189 482 1055 83 pour ayder à ſon Panegyrique: appro¬

185 542 1057 71 chez-vous du bord, & vous verrez qu’à

185 605 1051 83 l’exemple de cette Fontaine ſacrée qui

183 667 1055 81 deïfioit ceux qui ſe beignoient, elle fait

183 736 1053 81 des corps ſans matiere, les plonge dans

183 796 1049 75 l’eau ſans les moüiller, & nous montre

181 864 1051 77 chez ſoy des hommes qui vivent ſans

181 927 1049 79 aucun uſage de reſpiration. Encore ne

181 1002 1051 68 ſont-ce là que des coups qu’elle fait en

178 1058 1049 68 dormant: à peine a-t’elle repoſé, autant

178 1124 1049 79 de temps qu’il en faut pour meſurer qua¬

178 1185 1049 79 tre ajambées, qu’elle part de ſon Hôtel¬

174 1249 1051 67 lerie, & ne s’arrête point qu’elle n’ait¬

172 1311 1051 77 reçû de Paris un favorable Regard. Sa

178 1380 1045 75 premiere viſite c’eſt à Luxembourg ſi-tôt

172 1442 1039 71 qu’elle eſt arrivée, elle ſe jette en terre,

172 1503 1043 73 & va tomber aux pieds de ſon Alteſſe

170 1569 1041 81 Royale, à qui par ſon murmure, el e

170 1634 1043 72 ſemble demander en langage de ruiſſeau

172 1697 1043 70 les Maiſons où il plaît qu’elle s’aille

166 1763 1051 72 loger, elle eſt venuë avec tant de hâte,

166 1829 1057 67 qu’elle en eſt encore toute en eau: & pour

166 1887 1057 73 n’avoir pas eu le loiſir ſur les chemins

164 1954 1063 69 de mettre nied à terre, elle eſt contrain¬

164 2014 1057 83 te juſques dans le Palais d’Orleans d’aller

162 2083 1059 87 au baſſin en preſence de tout le monde.
