1619 2493
554 174 281 69 d'Arcueil.

1151 186 81 61 41

176 236 1052 71 traire, à peine eſt-elle arrivée à Paris,

174 303 1050 81 que pour les fatigues d’une trop lon¬

178 365 1046 81 gue courſe, ſe ſentant à l’extrêmité, &

172 434 1054 72 prévoyant ſa fin, elle court à Saint

172 496 1054 71 Coſme, Saint Benoiſt, & Saint Severin,

172 558 1050 81 pour obtenir leur benediction. Voila

168 627 1051 79 tout ce que je puis dire à la loüange de

164 687 1053 71 ce bel Aqueduc & de ſon Hôteſſe ma

164 754 1051 79 bonne amie: ça donc qui veut de l’eau,

166 822 1051 65 en voulez-vous, Meſſieurs, je vous la

170 880 1045 81 garantis de fontaine ſur la vie; & puis

166 949 659 81 vous ſçavez que je ſuis,

627 1080 496 73 Vôtre Serviteur.

455 1279 451 77 AVTRE,

155 1377 1052 79 SUR L'OMBRE

295 1458 762 79 que faiſoient des Arbres

500 1531 347 87 dans l’Eau.

353 1645 646 77 LETTRE VII.

145 1763 156 137 M

322 1763 430 88 ONSIEUR,

205 1905 985 70 Le ventre couché ſur le gaſon d’une

139 1965 1045 66 riviere, & le dos étendu ſous des bran¬

137 2027 1047 77 ches d’un Saule qui ſe mire dedans, je

141 2092 1049 89 voy renouveller aux Arbres l’hiſtoire
