1593 2475
220 468 846 117 A MONSEIGNEUR

309 591 654 120 LE DUC

154 717 941 184 D'ARPAJON

101 951 215 183 M

305 998 656 93 ONSEIGNEVR,

179 1142 966 105 Ce Livre ne contient preſque qu’un ra¬

92 1204 1049 107 mas confus des premiers caprices, ou pour

92 1266 1047 99 mieux dire det premieres folies de ma jeu¬

92 1330 1047 103 neſſe; I’auoüe même que j’ay quelque hon¬

84 1394 1046 101 te de l’avoüer dans un âge plus avancé.

84 1454 1048 103 Et cependant, MONSEIGNEVR, je

78 1522 1050 103 ne laiſſe pas vous le dédier avec tous ſes de¬

72 1590 1054 101 fauts, & de vous ſupplier de trouvrer bon

78 1650 1042 111 qu’il voye le monde ſous vôtre glorieuſe

68 1707 1052 116 protection. Que direZ vous, MONSEI¬

70 1769 1044 120 GNEVR, d’un procidé ſi étrange? Vous

53 1837 1061 114 croirez peut être que c’eſt manquer de reſ¬

59 1907 1049 108 pect pour vous, que de vous offrir une chan¬

47 1961 1059 115 ſe que je mépriſe moy même, & de met¬

53 2025 1050 115 tre vôtre Nom illuſtr à la tête d’un Ou¬

51 2091 1048 130 vrage, où j'ay bien de la repugnance de

781 2193 108 81 ã 2
