2600 3658
915 256 760 131 EPISTRE.

305 368 1922 165 rage, qu’il a ſe dignement ſouſtenu dans la

317 499 1901 162 profeſſion des Armes à qui vous aueZ don¬

308 637 1910 149 né vos premieres années, ce ſont des cho¬

314 762 1916 167 ſes trop cogneuës de tout le monde : Ie ne

326 893 1901 155 diray rien de ce prompt & puiſſant ſe¬

326 1033 1907 140 cours que reçoiuent chaſque iour de voſtre

332 1155 1904 140 main tant de bonnes familles ruinées par les

329 1280 1910 152 deſordres de nos guerres, ce ſont des choſes

335 1414 1901 134 que vous vouleZ tenir cachees: Ie diray ſeu¬

341 1551 1898 131 lement vn mot de ce que vous aueZ particu¬

344 1670 1889 146 lierement de commun auec Auguſte. C’eſt

347 1804 1895 153 que cette generoſité qui compoſe la meilleu¬

344 1938 1902 140 re partie de voſtre ame, & regne ſur l'autre,

369 2054 1880 146 & qu'à iuſte titre on peut nommer l’ame de

366 2194 1883 144 voſtre ame, puis qu’elle en fait mouuoir

363 2322 1886 150 toutes les puiſſances, c'eſt dis-je que cette ge¬

369 2453 1886 150 neroſité à l’exemple de ce grand Empereur

369 2581 1892 153 prend plaiſir à s’eſtendre ſur les gens de let¬

375 2719 1886 140 tres, en vn temps où beaucoup penſent auoir

378 2859 1886 125 trop recompensé leurs trauaux quand ils

381 2972 1886 189 les ont honoreZ d’vne loüange ſterile. Et

2020 3121 250 140 certes,
