2586 3631
211 314 1878 155 certes, vons aueZ traicté quelques-vnes

205 453 1875 146 de nos Muſes auec tant de magnanimité,

208 565 1875 170 qu'en elles vous aueZ obligé toutes les au¬

193 711 1896 154 tres, & qu’il n'en eſt point qui ne vous en

196 844 1884 142 doiue vn remerciement. Trouuez donc bon,

184 965 1893 169 MONSIEVR, que ie m'acquite de celuy

193 1116 1887 148 que ie reconnoy vous en deuoir, par le presẽt

190 1231 1869 169 que ie vous fais de ce Poëme, que i'ay choiſy

184 1361 1884 167 comme le plus durable des miens, pour ap¬

184 1488 1890 170 prendre plus long-temps à ceux qui le li¬

181 1621 1887 167 ront, que le genereux Monſieur de Mon¬

184 1754 1890 161 toron par vne liberalité inoüye en ce ſiecle

175 1872 1850 158 s'eſt rendu toutes les Muſes redeuables, &

178 2006 1881 181 que ie prends tant de part aux bien-faits

175 2136 1875 187 dont vous aueZ ſurpris quelques-vnes d’el¬

175 2266 1538 178 les, que ie m'en diray toute ma vie,

384 2541 987 170 MONSIEVR,

1232 2844 802 136 Voſtre tres-humble & tres¬

1277 2929 491 118 obligé ſeruiteur.

1171 3016 745 173 CORNEILLE.

1741 3210 51 154 ẽ
