2586 3631
472 547 1296 106 SENECA lib.i. de Clementia, cap.9.

233 720 251 317 D

502 698 1514 118 Iuus Auguſtus mitis fuit Prnceps, ſi quis illum a Prin¬

502 783 1514 106 cipatu ſuo æſtimare incipiat: in communi quidem Re¬

499 874 1511 94 publica, duodeuiceſimum egreſſus annum; iam pu¬

502 944 1511 108 giones in ſinu amicorum abſconderat, iam inſidiis M.

205 1010 1802 115 Antonij Conſulis latus perierat, iam fuerat Collega proſcriptio¬

211 1086 1796 106 nis: ſed cum annum quadrageſimum tranſiſſet, & in Gallia mo¬

199 1170 1814 97 raretur, delatum eſt ad eum indicium L. Cinnam ſtolidi ingenij

208 1240 1793 106 vitum inſidias ei ſtruere. Dictum eſt & vbi,& quando, & quemad¬

202 1331 1808 88 modum aggredi vellet. Vnus ex conſciis deferebat, ſtatuit ſe ab

199 1391 1799 103 eo vindicare. Conſilium amicorum aduocari iuſſit. Nox illi in¬

193 1473 1808 100 quieta erat, cum cogitaret adoleſcentem nobilem, hoc detracto

199 1555 1802 91 integrum, Cn. Pompeij nepotem damnandum. lam vnum ho¬

196 1624 1793 100 minem occidere non poterat, cum M. Antonio proſcriptionis

193 1703 1799 94 edictum inter cœnã didarat. Gemens ſubinde voces varias emit¬

196 1788 1799 81 tebat & inter ſe contrarias Quid ergo? ego percuſſorem meum

184 1863 1802 91 ſecurum ambulare patiar me ſollicito? Ergo non dabit pœnas qui

178 1924 1811 100 tot ciuilibus bellis fruſtra petitum caput, tot naualibus, tot pede¬

184 2009 1805 100 ſtribus præliis incolume poſtquam terra marique pax parta eſt,

184 2090 1802 88 non occidere conſtituat, ſed immolare? Nam ſacrificantem pla¬

178 2154 1805 106 cuerat adoriri. Rurſus ſilentio interpoſito maiore multo voce ſibi

184 2242 1796 87 quam Cinnæ iraſcebatur. Quid viuis, ſi perire te tam multorum

184 2320 1796 82 intereſt? Quis finis erit ſuppliciorum? quis ſanguinis? Ego ſum

172 2393 1802 82 nobilibus adoleſcentulis expoſitũ caput in quod mucrones acuãt.

175 2450 1802 109 Non eſt tanti vita ſi vt ego non peream tam multa perdenda ſunt.

175 2526 1799 106 Interpellauit tandem illum Liuia vxor, & admittis, inquit, mulie¬

175 2611 1799 100 bre conſilium? Fac quod Medici ſolent, vbi vſitata remedia non

169 2689 1796 91 procedunt tentant contraria. Seueritate nihil adhuc profeciſti:Sal¬

163 2759 1799 97 uidiemium Lepidus ſecutus eſt, Lepidum Muræna, Murænam Cæ¬

157 2829 1802 106 pio, Cæpionem Egnatius, vt alios taceam quos tantum auſos pu¬

169 2913 1796 121 det: nunc tenta quomodo tibi cedat clementia. Ignoſce L. Cinnæ,

1577 2977 112 127 ẽ ii
