2565 3631
211 635 243 324 L

257 426 1614 151 MONTAGNE liu. i. de ſes Eſſais, chap. 23.

451 635 1523 100 'Empereur Auguſte eſtant en la Gaule receut certain ad¬

454 701 1520 109 uertiſſement d'vne coniuration que luy braſſoit L. Cinna, il

460 774 1505 106 delibera de s’en vanger, & manda pour cet effet au lende¬

460 856 1523 94 main le conſeil de ſes amis : mais la nuict d’entre-deux il la

172 931 1808 106 paſſa auec grande inquietude, conſiderant qu’il auoit a faire mourir vn

175 1010 1802 94 ieune homme de bonne maiſon, nepueu du grand Pompée, & produiſoit

175 1083 1805 97 en ſe plaignant diuers diſcours. Quoy donc, faiſoit-il, ſera-il dit que ie

178 1161 1802 103 demeureray en crainte & en alarme, & que ie lairray mon meurtrier

175 1234 1805 112 ſe promener ce pendant à ſon aiſe? S’en ira il quitte ayant aſſailly mà

181 1313 1802 100 teſte, que i’ay ſauuée de tant de guerres ciuiles, de tant de batailles par mer

187 1403 1805 94 & par terre? & apres auoir eſtably la paix vniuerſelle du monde, ſera

178 1470 1811 91 il abſouz ayant delibere non de me tuer ſeulement, mais de me ſacrifier?

190 1543 1796 93 Car la coniuration eſtoit faicte de le tuer comme il feroit quelque ſacri¬

184 1621 1802 106 fice. Apres cela s’eſtant tenu coy quelque eſpace de temps,il recommẽ¬

196 1712 1790 88 çoit d’vne voix plus forte & s’en prenoit à ſoy-meſme. Pourquoy vis-tu,

184 1770 1808 99 s’il importe à tant de gens que tu meures? ny aura-il point de fin à tes

196 1857 1793 85 vengeances & à tes cruautez? Ta vie vaut-elle que tant de dommage

190 1933 1787 97 ſe face pour la conſeruer? Liuia ſa ſemme le ſentant en ces angoiſſes : &

187 1997 1808 99 les conſeils des ſemmes y ſeront-ils receus, luy dit-elle? fay ce que ſont

196 2087 1805 88 les Medecins, quand les receptes accouſtumées ne peuuent ſeruir, ils en

199 2148 1799 97 eſſayent de contraires.Par ſeuerité tu n’as iuſques à cette heure rien pro¬

202 2248 1793 87 fité. Lepidus a ſuiuy Saluidienus, Murena Lepidus, Cæpio Murena,

193 2299 1805 103 Egnatius Cæpio, cemmence à experimenter comment te ſuccederont la

202 2387 1799 88 douceur & la clemence. Cinna eſt conuaincu, pardonne luy, de te nuire

205 2463 1796 102 deſormais il ne pourra, & profitera à ta gloire. Auguſte fut bien aiſe

199 2532 1805 100 d’auoir trouué vn Aduocat de fon humeur, & ayant remercié ſa femme

211 2608 1793 100 & contremandé ſes amis qu’il auoit aßigné au Conſeil il cõmanda qu’on

215 2686 1795 103 fit venir à luy Cinna tout ſeul : & ayant fait ſortir tout le monde de ſa

205 2762 1796 100 chambre, & fait donner vn ſiege à Cinna il luy parla en cette maniere.

202 2844 1811 103 En premier lieu, ie te demande, Cinna, paiſible audiance : n’interrõps

211 2910 1799 118 pas mon parler, ie te donneray temps à loiſir d’y reſpondre. Tu ſçais, Cin¬

215 2995 1795 121 na, que t’ayant pris au camp de mes ennemis, non ſeulement t’eſtant fait
