2561 3631
578 444 932 130 Extraict du Priuilege du Roy.

158 634 81 180 I

245 608 1707 115 L eſt permis à noſtre amé & feal PIERRE CORNEILLE

239 695 1719 103 noſtre Conſeiller & Aduocat General à la Table de Marbre

148 771 1813 118 des Eauës & Foreſts de Roüen, de faire imprimer vne Tragedie

151 847 1810 97 de ſa compoſition intitulée CINNA, ou La Clemence d'Au¬

120 922 1847 115 guſte, durant le temps de vingt ans, à compter du iour que ladite

151 998 1810 112 piece ſera acheuée d’imprimer. Et deffenſes ſont faictes à tous

151 1080 1813 94 Imprimeurs & Libraires d’en imprimer, vendre & diſtribuer

151 1152 1807 112 d’autre impreſſion que celle qu’aura fait faire ledit COR¬

151 1225 1816 103 NEILLE, ou ſes ayans cauſe, fut peine de quinze cens liures

151 1304 1822 99 d’amende, confiſcation des exemplaires, & de tous deſpens, dom¬

154 1376 1807 106 mages & intereſts, ainſi qu’il eſt porté par les lettres de Priuilege.

151 1446 1810 118 Donné à Fontaine-bleau le premier Aouſt 1642. Signé CLIER.

154 1531 1072 112 Et ſcellé du grand ſceau de cire iaune.

157 1888 136 214 E

290 1869 1677 118 T ledit ſieur CORNEILLE a cedé & transporté tous les

311 1975 1653 100 droicts dudit Priuilege par luy obtenu du preſent liure à

154 2024 1813 133 TOVSSAINCT QVINET Marchand Libraire, pour

163 2124 1710 99 iouir du contenu en iceluy, ainſi qu’il a eſté accordé entr’eux.

239 2272 1619 212 Acheué d'imprimer pour la premiere fois le 18. Ianuier 1643.
