2561 3631
2043 278 54 136 3

684 236 977 157 TRAGEDIE.

214 381 1447 121 L’ordre mal concerté, l’occaſion mal priſe,

220 484 1526 142 Peuuent deſſus ton chef renuerſer l’entrepriſe,

211 599 1680 136 Porter ſur toy les coups dont tu le veux frapper,

220 723 1435 118 Dans ſa ruine meſme il peut t’enuelopper,

220 820 1553 121 Et quoy qu’en ma faueur ton amour execute,

230 928 1537 131 Il te peut en tombant accabler ſous ſa cheute.

224 1043 1380 115 Ah! ceſſe de courir à ce mortel danger,

233 1149 1758 127 Te perdre en me vangeant, ce n’eſt pas me vanger,

227 1258 1764 121 Vn cœur eſt trop cruel quand il trouue des charmes

217 1367 1811 121 Aux douceurs que corrompt l’amertume des larmes,

220 1476 1886 130 Et ie tiens qu’il faut mettre au rang des grands malheurs

227 1585 1686 127 La mort d’vn ennemy qui nous couſte des pleurs.

217 1694 1790 136 Mais peut-on en verſer alors qu’on vange vn pere?

224 1803 1443 121 Eſt-il perte à ce prix qui ne ſemble legere?

224 1906 1513 142 Et quand ſon aſſaßin tombe ſous noſtre effort,

230 2021 1425 127 Doit-on conſiderer ce que couſte ſa mort?

260 2121 1559 145 Ceſſés vaines frayeurs, ceſſés laſches tendreſſes

230 2239 1646 130 De ietter dans mon cœur vos indignes foibleſſes,

233 2345 1498 139 Et toy qui les produis par tes ſoins ſuperflus,

239 2450 1671 137 Amour, ſers mon deuoir, & ne le combats plus,

230 2562 1710 137 Luy ceder c’eſt ta gloire, & le vaincre, ta honte,

233 2668 1746 152 Monſtre toy genereux, ſouffrant qu’il te ſurmonte,

236 2777 1516 142 Plus tu luy donneras, plus il te va donner,

230 2889 1353 164 Et ne triomphera que pour te couronner.

1649 2998 179 167 A ij
