2571 3651
495 258 67 143 4

1061 228 709 161 CINNA

651 794 1600 252 SCENE II.

778 1080 1284 176 ÆMILE. FVLVIE.

1028 1323 770 149 ÆMILIE.

471 1493 110 216 I

593 1469 1366 137 E l’ay iuré, Fuluie, & ie le iure encore,

587 1582 1761 140 Quoy que i’ayme Cinna, quoy que mon cœur l’adore,

474 1697 1458 134 S’il me veut poſſeder, Auguſte doibt perir,

477 1804 1610 124 Sa teſte eſt le ſeul prix dont il peut m’acquerir,

486 1910 1613 146 Je luy preſcris la loy que mon deuoir m’impoſe.

1074 2117 681 143 FVLVIE.

480 2345 1482 140 Elle a pour la blaſmer vne trop iuſte cauſe,

483 2455 1619 140 Par vn ſi grand deſſein vous vous faites iuger

480 2564 1610 140 Digne ſang de celuy que vous voulez vanger,

489 2680 1586 134 Mais encor vne fois ſouffrez, que ie vous die

517 2783 1238 137 Que cette paßion dûſt eſtre refroidie,

508 2896 1433 164 Auguſte chaque iour a force de bien-faits
