2571 3630
654 220 1005 167 TRAGEDIE.

2007 220 79 173 5

187 372 1720 136 Semble aſſez reparer les maux qu’il vous a faits,

190 474 1436 140 Sa faueur enuers vous paroiſt ſi declarée,

199 586 1502 158 Que vous eſtes chez luy la plus conſiderée,

193 698 1502 142 Et de ſes courtiſans ſouuent les plus heureux

193 816 1572 121 Ont encore beſoin que vous parliez pour eux.

811 1019 687 136 ÆMILIE.

208 1255 1533 121 Toute cette faueur ne me rend pas mon pere,

202 1361 1433 130 Et de quelque façon que l’on me conſidere,

208 1467 1512 130 Abondante en richeſſe ou puiſſante en credit,

218 1576 1396 136 Je demeure touſiours la fille d'vn proſcrit.

205 1687 1802 131 Les bien-faits ne font pas touſiours ce que tu penſes,

205 1796 1618 124 D'vne main odieuſe ils tiennent lieu d'offences,

215 1905 1589 130 Plus nous en prodiguons à qui nous peut haïr,

218 2020 1774 103 Plus d’armes nous donnons à qui nous veut trahïr.

221 2123 1735 133 Jl m’en fait chaque iour ſans changer mon courage,

215 2238 1492 124 Je ſuis ce que i’eſtois, & ie puis dauantage,

211 2341 1802 133 Et des meſmes preſens qu’il verſe dans mes mains

221 2444 1499 139 J'achepte contre luy les esprits des Romains.

221 2562 1281 124 Je receurois de luy la place de Liuie,

211 2665 1596 130 Comme vn moyen plus ſeur d’attenter à ſa vie,

215 2773 1683 137 Pour qui vange ſon pere il n’eſt point de forfaits,

208 2879 1790 164 Et c'eſt vendre ſon ſang que ſe rendre aux bien-faits.

1568 2997 270 127 A iij
