2575 3631
629 208 1014 142 TRAGEDIE.

2000 214 84 155 7

175 354 1622 142 Et tu verrois mes pleurs couler pour ſon trespas

199 472 1413 136 Qui le faiſant perir ne me vangeroit pas.

175 574 1525 137 C’eſt vne laſcheté que de remettre à d’autres

175 683 1643 133 Les intereſts publics qui s’attachent aux noſtres,

196 795 1501 136 Joignons à la douceur de vanger nos parens

178 907 1507 139 La gloire qu’on remporte à punir les tyrans,

178 1013 1253 121 Et faiſons publier par toute l’Italie,

181 1119 1480 136 La liberté de Rome eſt l’œuure d'Æmilie,

187 1231 1525 133 On a touché ſon ame & ſon cœur s’eſt eſpris,

184 1340 1540 139 Mais elle n’a donné ſon amour qu’a ce prix.

804 1558 672 124 FVLVIE.

193 1776 1710 133 Voſtre amour à ce prix n’eſt qu'vn preſent funeſte,

214 1894 1534 127 Qui porte à voſtre amant ſa perte manifeſte.

190 1994 1667 139 Penſés mieux, Æmillie, a quoy vous l’expoſeZ,

196 2096 1419 149 Combien à cét eſcueil ſe ſont deſià briſeZ,

196 2214 1746 140 Ne vous aueuglez, point quand ſa mort eſt viſible.

807 2417 708 157 ÆMILIE.

208 2650 1622 133 Ah! tu ſçais me frapper par où ie ſuis ſenſible,

223 2753 1725 142 Quand ie ſonge aux hazards que ie luy fais courir,

202 2883 1504 148 La crainte de ſa mort me fait deſià mourir,
