2580 3649
505 258 117 154 10

1052 395 715 176 ÆMILIE.

483 596 1601 136 Ie l'auois bien préueu que pour vn tel ouurage

483 705 1573 143 Cinna ſçauroit choiſir des hommes de courage,

477 814 1549 125 Et ne remettroit pas en de mauaiſes mains

483 921 1503 149 L’intereſt d'Æmilie & celuy des Romains.

1116 1134 630 140 CINNA.

486 1350 1947 149 Pleuſt aux Dieux que vous-meſme eußiez veu de

578 1474 352 122 quel zele

480 1572 1497 146 Cette troupe entreprend vne action ſi belle!

483 1684 1771 149 Au ſeul nom de Céſar, d'Auguſte, & d’Empereur,

492 1806 1713 121 Vous eußiez, veu leurs yeux s'allumer de ſureur,

483 1900 1716 149 Et dans vn meſme inſtant par vn effet contraire

489 2019 1579 143 Leur front paſlir d’horreur & rougir de colere.

492 2122 1567 137 Amis, leur ay-ie dit, voicy le iour heureux

511 2238 1615 139 Qui doit conclurre en fin nos deſſeins genereux,

498 2350 1640 125 Le Ciel entre nos mains a mis le ſort de Rome,

498 2460 1561 130 Et ſon ſalut dépend de la perte d'vn homme,

508 2566 1880 128 Si l'on doit le nom d’homme à qui n’a rien d’humain,

517 2682 1481 133 A ce Tigre alteré de tout le ſang Romain.

511 2785 1755 140 Combien pour le reſpandre a-t’il formé de brigues?

511 2894 1570 177 Combien de fois changé de partis & de ligues,

1077 231 730 158 CINNA
