2575 3631
656 214 950 164 TRAGEDIE.

2036 254 51 118 11

214 360 1465 136 Tantoſt amy d’Antoine & tantoſt ennemy,

214 469 1274 142 Et iamais inſolent ny cruel à demy?

248 587 1404 136 Là par vn long recit de toutes les miſeres

229 698 1625 134 Que durant noſtre enfance ont enduré nos peres,

211 804 1462 130 Renouuelant leur haine auec leur ſouuenir

217 913 1643 136 Ie redouble en leurs cœurs l’ardeur de les punir.

211 1022 1625 124 Ie leur fais des tableaux de ces triſtes batailles

217 1125 1640 136 Où Rome par ſes mains déchiroit ſes entrailles,

220 1240 1649 130 Où l’Aigle abatoit l’Aigle, & de chaque coſté

217 1352 1450 139 Nos legions s’armoient contre leur liberté,

226 1476 1640 112 Où le but des ſoldats & des chefs les plus braues

217 1564 1634 145 C’eſtoit d'eſtre vainqueurs pour deuenir eſclaues,

217 1676 1534 139 Où chacun trahiſſoit aux yeux de l'Vniuers

220 1782 1562 145 Soy-meſme & ſon pays pour aſſeurer ſes fers,

217 1906 1553 127 Et taſchant d’acquerir auec le nom de traiſtre

226 2000 1628 145 L’abominable honneur de luy donner vn maiſtre,

226 2115 1637 139 Romains contre Romains, parens contre parens

223 2223 1601 134 Combatoient ſeulement pour le choix des tyrans.

223 2329 1550 140 I’adiouſte à ces tableaux la peinture effroyable

229 2435 1628 143 De leur concorde affreuſe, horrible, impitoyable,

229 2550 1619 139 Funeſte aux gens de bien, aux riches, au Senat,

226 2659 1516 127 Et pour tout dire en fin de leur Triumuirat.

226 2768 1625 142 Mais ie ne trouue point de couleurs aſſez noires

232 2880 1420 170 Pour en repreſenter les Tragiques hiſtoires.

1646 3001 160 136 B ij
