2575 3631
647 181 999 173 TRAGEDIE.

1994 242 75 121 13

190 341 1764 146 Sont les degrez, ſanglans dont Auguſte a fait choix

196 456 1746 127 Pour monter dans le trône & nous donner des loix.

196 562 1395 136 Rendons toutefois grace à la bonté celeſte

232 674 1668 139 Que de nos trois tyrans c’eſt le ſeul qui nous reſte,

193 783 1437 133 Et que iuſte vne fois il s’eſt priué d’appuy

193 898 1776 130 Perdant pour regner ſeul deux meſchans comme luy.

193 1004 1882 142 Luy mort nous n’auons point de vangeur ny de maiſtre,

196 1113 1371 127 Auec la liberté Rome s’en va renaiſtre,

193 1225 1565 127 Et nous meriterons le nom de vrays Romains

193 1328 1601 136 Si le ioug qui l’accable eſt brisé par nos mains.

193 1437 1443 139 Prenons l’occaſion tandis qu'elle eſt propice,

193 1546 1389 139 Demain au Capitole il fait vn ſacriſce,

229 1655 1592 139 Qu’il en ſoit la victime, & faiſons en ces lieux

193 1767 1513 130 Iuſtice à tout le monde à la face des Dieux:

193 1872 1601 143 Là preſque pour ſa ſuite il n’a que noſtre troupe,

193 1984 1776 140 C’eſt de ma main qu’il prend & l’encens & la coupe,

196 2102 1534 128 Et ie veux pour ſignal que cette meſme main

196 2196 1867 152 Luy donne au lieu d'encens d’vn poignard dans le ſein.

193 2314 1462 124 Ainſi d’vn coup mortel la victime frappée

199 2417 1628 142 Fera voir ſi ie ſuis du ſang du grand Pompée,

193 2535 1543 121 Faites voir apres moy ſi vous vous ſouuenez

190 2635 1416 142 Des illuſtres ayeux de qui vous eſtes nez.

196 2750 1474 136 A peine ay-ie acheué que chacun renouuelle

199 2856 1450 166 Par vn noble ſerment le vœu d'eſtre fidelle,

1652 2977 187 133 B iij
