2580 3649
502 267 121 100 14

1104 194 718 176 CINNA

489 349 1598 152 L'occaſion leur plaiſt, mais chacun veut pour ſoy

492 468 1792 134 L'honneur du premier coup que i’ay choiſi pour moi:

489 580 1607 128 La raiſon regle en fin l’ardeur qui les emporte,

492 678 1555 130 Maxime & la moitié s’aſſeurent de la porte,

498 790 1470 125 L’autre moitié me ſuit & doit l’enuironner,

495 909 1586 121 Preſte au moindre ſignal que ie voudray donner.

495 1006 1677 137 Voila, belle Æmilie, à quel point nous en ſommes.

511 1119 1676 136 Demain i’attens la haine, ou la faueur des hommes,

502 1228 1259 134 Le non de parricide, ou de liberateur,

505 1337 1521 125 Céſar celuy de Prince, ou bien d’vſurpateur.

502 1453 1481 122 Du ſuccez, qu'on obtient contre la tyrannie

511 1562 1551 134 Dépend ou noſtre gloire, ou noſtre ignominie,

517 1669 1418 137 Et le peuple inégal à l’endroit des tyrans,

511 1778 1363 125 S’il les deteſte morts, les adore viuans.

514 1885 1640 124 Pour moy, ſoit que le Ciel me ſoit dur ou propice,

535 1994 1682 143 Qu'il m'éleue à la gloire, ou me liure au ſupplice,

529 2107 1555 134 Que Rome ſe declare, ou pour, ou contre nous,

508 2216 1685 128 Mourant pour vous ſeruir tout me ſemblera doux.

1095 2408 715 164 ÆMILIE.

520 2651 1670 137 Ne crain point de ſuccez, qui ſoüille ta memoire,

523 2776 1539 115 Le bon & le mauuais ſont égaux pour ta gloire,

514 2867 1478 170 Et dans vn tel deſſein le manque de bon-heur
