2560 3631
169 369 1419 139 Met en peril ta vie & non pas ton honneur.

181 475 1450 148 Regarde le malheur de Brute & de Caßie,

187 587 1546 127 La splendeur de leurs noms en eſt-elle obſscurcie?

178 695 1522 128 Ont-ils perdu celuy de derniers des Romains?

175 804 1577 137 Et ſont-ils morts entiers auecque leurs deſſeins?

178 919 1456 130 Leur memoire dans Rome eſt encor precieuſe

184 1022 1307 142 Autant que de Céſar la vie eſt odieuſe:

193 1140 1531 139 Si leur vainqueur y regne, ils y ſont regrettez,

181 1249 1595 130 Et par les vœux de tous leurs pareils ſouhaitez.

187 1358 1546 127 Va marcher ſur leurs pas où l'honneur te conuie,

184 1467 1483 133 Mais ne pers pas le ſoin de conſeruer ta vie,

184 1567 1667 127 Souuien-toy du beau ſeu dont nour ſommes eſpris,

199 1682 1658 145 Qu'außi bien que la gloire Æmilie eſt ton prix,

199 1797 1792 133 Que tu me dois ton cœur, que mes faueurs t’attendent,

196 1906 1870 133 Que tes iours me ſont chers, que les miens en dependent,

187 1997 1788 160 Et que... Mais quel ſuiet méne Euandre vers nous?

593 208 1016 176 TRAGEDIE.

1969 242 82 136 15
