2592 3508
561 476 1235 187 ACTEURS

623 660 1103 120 DE LA TRAGEDIE.

415 853 187 281 A

643 833 1343 120 TYS, Parent de Sangaride, & Favory de Ce¬

705 917 1231 120 lænus Roy de Phrygie. Monſieur Clediere.

631 1034 1346 111 IDAS, Amy d’Atys, & frere de la Nymphe

716 1122 752 102 Doris. Monſieur Morel.

386 1230 1582 117 SANGARIDE, Nrmphe, fille du Fleuve Sangar.

716 1321 638 96 Mademoiſelle Rebel.

383 1426 1594 117 DORIS, Nnmphe, amie de Sangaride, & ſœur d’Idas.

705 1511 983 108 Mademoiſelle Ferdinand cadetre.

383 1634 1082 111 Chœur de Phrygiens & de Phrygiennes.

383 1748 1597 117 Troupe de Phrygiens, & de Phrygiennes, qui dançent à la

675 1841 430 105 feste de Cybele.

380 1941 1591 102 LA DEESSE CYBELE, Mademoiſelle de S.

707 2034 387 108 Chriſtophle.

380 2142 1585 103 MELISSE, Confidente & Preſtreſſe de Cybele,

684 2224 986 105 Mademoiſelle Ferdinand l’aiſnée.

383 2344 1574 111 CELÆNUS, Roy de Phrygie, fils de Neptune, &

617 2426 1117 102 Amant de Sangaride. Monſieur Gaye.

377 2540 848 108 Troupe  de Suivans de Celænus.

1547 2680 132 88 B.ii.
