2592 3508
617 105 76 93 2

1310 93 307 88 ATYS

889 184 907 120 Mille Peuples ſeront jaloux

889 283 851 108 Des faveurs que ſur nous

895 371 746 108 Sa bonté va reſpandre.

845 698 1153 132 SCENE SECONDE.

1085 877 646 105 IDAS, ATYS.

824 1026 150 195 A

962 1026 965 96 Llons, allons, accourez, tous,

1044 1110 679 100 Cybele va deſcendre.

1284 1224 286 100 ATYS.

608 1327 1583 117 Le Soleil peint nos champs des plus vives couleurs,

965 1417 652 106 Il a ſeché les pleurs

605 1499 1477 123 Que ſur l'émail des preZ a répandu l’Aurore,

602 1596 1437 117 Et ſes rayons nouveaux ont déja fait éclorre

968 1686 725 97 Mille nouvelles fleurs.

1275 1792 260 99 IDAS.

801 1900 1185 120 Vous veillez, lorſque tout ſommeille;

795 1990 951 111 Vous nous éveillez ſi matin,

781 2078 991 111 Que vous ferez croire à la fin

798 2163 1129 120 Que c’eſt l’Amour qui vous éveille.

1255 2288 277 82 ATYS.

599 2373 1557 129 Non, tu dois mieux juger du party que je prens,

599 2464 1586 117 Mon cœur veut fuïr toûjours les ſoins & les myſteres,

599 2549 1410 128 l'aime l’heureuſe paix des cœurs indifferens :
