2592 3508
836 105 588 87 TRAGEDIE.

1939 119 41 123 3

526 187 1159 117 Si leurs plaiſirs ne ſont pas grands,

532 280 1117 108 Au moins leurs peines ſont legeres.

1003 377 272 96 IDAS.

529 482 1211 99 Toſt ou tard l’Amour eſt vainqueur,

526 567 1214 117 En vain les plus fiers s’en deffendent,

526 663 925 111 On ne peut refuſer ſon cœur

526 748 1164 111 A de beaux yeux qui le demandent.

386 838 1407 112 Atys, ne feignez plus, je ſçais voſtre ſecret,

506 926 1100 117 Ne craignez rien, je ſuis diſcret.

593 1014 1109 102 Dans un bois ſolitaire & ſombre,

383 1105 1316 119 L’indifferent Atys ſe croyoit ſeul, un jour;

386 1192 1451 117 Sous un feüillage épais où je reſvois à l’ombre,

588 1286 939 102 Ie l’entendis parler d’amour.

985 1391 302 99 ATYS.

380 1499 1360 120 Si je parle d’amour, c’eſt contre ſon empire,

500 1590 1091 99 I'en fais mon plus doux entretien.

977 1692 286 91 IDAS.

506 1800 991 100 Tel ſe vante de n’aymer rien,

503 1891 980 105 Dont le cœur en ſecret ſoûpire.

353 1979 1364 105 I'entendis vos regrets, & je les ſçais ſi bien

356 2063 1472 123 Que ſi vous en douteZ je vais voux les redire.

356 2201 1571 117 Amans qui vous plaignez, vous eſtes trop heureux:

353 2291 1539 106 Mon cœur de tous les cœurs eſt le plus amoureux,

351 2379 1471 114 Et tout prés d’expirer je ſuis reduit à feindre;

506 2473 1059 108 Que c’eſt un tourment rigoureux

503 2554 1214 109 De mourir d’amour ſans ſe plaindre:

353 2654 1586 111 Amans qui vous plaignez, vous eſtes trop heureux.
