2592 3508
631 105 76 105 10

1298 93 293 85 ATYS

860 172 1009 120 Que le ſort du Roy ſera doux!

1132 283 564 94 SANGARIDE.

620 382 1334 123 L’indifferent Atys n’en ſera point jaloux.

1272 505 301 97 ATYS.

617 634 1568 102 Vivez, tous deux contens, c’eſt ma plus chere envie;

614 722 1521 108 I’ay preſſé voſtre hymen, j’ay ſervy vos amours.

617 812 1568 111 Mais enfin ce grand jour, le plus beau de vos jours,

816 900 877 91 Sera le dernier de ma vie.

1164 996 579 100 SANGARIDE.

614 1081 322 100 O dieux!

1272 1183 298 106 ATYS.

982 1303 1217 108 Ce n’eſt qu’à vous que je veux reveler

605 1388 1480 105 Le ſecret deſespoir où mon malheur me livre;

602 1476 1595 120 Ie n’ay que trop ſceu feindre, il eſt temps de parler;

786 1566 1200 109 Qui n’a plus qu’un moment à vivre,

778 1648 901 114 N'a plus rien à diſſimuler.

1097 1771 602 108 SANGARIDE.

769 1897 1147 111 Ie fremis, ma crainte eſt extreſme:

602 1982 1548 125 Atys, par quel malheur faut-il vous voir perir?

1252 2104 295 94 ATYS.

781 2204 1184 120 Vous me condamnereZ vous meſme,

781 2300 950 105 Et vous me laiſſerez mourir.

1126 2429 559 87 SANGARIDE.

602 2540 1597 134 I'armeray, s’il le faut, tout le pouvoir ſupreſme...
