2592 3508
1094 96 553 79 PROLOGUE.

886 157 971 126 Chaque Jour, chaque Inſtant

781 251 1199 123 Adiouſte encor à ſon Nom eſclattant

944 350 647 111 Vne gloire nouvelle.

655 470 1504 102 La Déeſſe Flore conduite par un des Zephirs

579 564 1597 111 s’avance avec une troupe de Nymphes qui

576 651 1182 94 portent divers ornemens de fleurs.

1085 777 556 100 LE TEMPS.

678 909 1328 114 La Saiſon des frimas peut-elle nout offrir

760 1020 1214 96 Les fleurs que nous voyons paraiſtre?

842 1084 968 114 Quel DIEU les fait renaiſtre

769 1178 1082 119 Lorſque l’Hyver les fait mourir?

860 1292 942 117 Le Froid cruel regne encore;

860 1373 1044 129 Tout eſt glacé dans les champs,

959 1473 711 102 D’ou vient que Flore

857 1558 801 111 Devance le Printemps?

1164 1692 386 88 FLORE.

561 1815 1595 129 Quand j'attens les beaux Jours, je viens toûjours

743 1914 351 94 trop tard,

558 1984 1592 135 Plus le Printemps s’avance, & plus il m’eſt cõtraire;

786 2084 849 114 Son retour preſſe le départ

772 2166 1231 125 Du HEROS à qui je veux plaire.

552 2277 1539 131 Pour luy faire ma cour mes ſoins ont entrepris

552 2362 1487 134 De braver deſormais l’Hyver le plus terrible,

552 2455 1566 132 Dans l’ardeur de luy plaire on a bien-toſt apris

822 2546 1015 125 A ne rien trouver d’impoſſible.
