2592 3508
918 163 588 88 PROLOGUE.

719 292 928 93 LE TEMPS & FLORE.

424 412 1465 117 Les Plaiſirs à ſes yeux ont beau ſe preſenter,

427 505 1600 120 Si-toſt qu’il voit Bellonne, il quitte tout pour elle;

675 593 758 105 Rien ne peut l’arreſſer

675 675 857 128 Quand la Gloire l’appelle.

462 818 1518 91 Le Chœur des Heures repete ces deux derniers Vers.

424 941 1615 105 La Suite de Flore commence des Jeux meſlez

523 1031 872 97 de Dances & de Chants.

930 1160 544 97 UN ZEPHIR.

421 1292 149 198 L

576 1297 1445 117 E Printemps quelquefois eſt moins doux qu’il

669 1385 357 97 ne ſemble,

605 1473 1118 114 Il fait trop payer ſes beaux Jours;

415 1561 1483 105 Il vient pour eſcarter les Jeux & les Amours,

628 1651 1112 114 Et ceſt l’Hyver qui les raſſemble.

485 1780 1527 102 MELPOMENE qui eſt la Muſe qui pre¬

412 1865 1600 122 ſide à la Tragedie, vient accompagnée d’une

415 1955 1588 114 Troupe de Heros, elle eſt ſuivie d’Hercule,

412 2043 1586 120 d’Antæe, de Caſtor, de Pollux, de Lyncée,

421 2134 1190 102 d’ldas, d’Etheocle, & de Polinice.

614 2271 1112 96 MELPOMENE parlant à Flore.

424 2391 161 204 R

585 2402 1413 106 Etirez-vous, ceſſez de prevenir le Temps,

605 2490 1396 123 Ne me deſrobeZ point de precieux inſtants,

778 2584 646 123 La puiſſante Cybelé
