2592 3508
1021 105 570 87 PROLOGUE.

544 184 1410 125 Pour honorer Atys qu'elle a privé du jour,

816 283 743 102 Veut que je renouvelle

819 365 769 96 Dans une illuſtre Cour

813 453 872 96 Le ſouvenir de ſon amour.

845 567 807 111 Que l’agrément ruſtique

854 654 854 108 De Flore & de ſes Jeux,

822 742 924 114 Cede à l'appareil magnifique

860 836 754 108 De la Muſe tragique,

819 917 974 123 Et de ſes Spectacles pompeux.

634 1052 1525 123 La Suite de Melpomene prend la place de la

567 1140 512 99 Suite de Flore.

649 1280 1510 105 Les Heros recommencent leurs anciennes

567 1371 328 111 querelles.

652 1490 1512 109 HERCULE combat & lutte contre An¬

567 1587 1594 96 tæe, Caſtor & Pollux combattent contre Lyn¬

567 1675 1597 102 cée & Idas, & Etheocle combat contre ſon Frere

570 1762 333 117 Polynice.

661 1894 1515 117 IRIS, par l’ordre de Cybele, vient accorder

570 1984 743 106 Melpomene & Flore.

781 2110 1155 111 IRIS, parlant à MELPOMENE.

573 2245 1600 114 Cybele veut que Flore aujourd’huy vous ſeconde,

576 2338 1597 105 Il faut que les Plaiſirs viennent de toutes parts,

576 2423 1603 117 Dans l’Empire puiſſant, où regne un nouveau

684 2511 377 93 MARS,

754 2598 1255 114 Ils n’ont plus d’autre aZile au monde.

1913 2704 280 99 RendeZ-
