1097 1927
396 433 387 53 ANAGRAMME.

88 470 954 74 ANTHOINETTE DE LORRAINE

167 537 807 50 TRONE DE LA DEITE' RAYONANT'.

93 646 68 97 S

164 637 762 67 I Amphitrite eſt vray' de l’Ocean Deeſſe

164 692 786 65 Pouuant abatre l'onde & l’orage bruyants

94 746 852 60 Deſtourner les perilz & les flotz boüillonnants

96 804 825 66 Si qu’a ſon prompt vouloir l’agitée mer ceſſe:

150 855 902 66 Belles ame en qui le Ciel tant de faueurs aſſemble

101 912 800 65 Tant de cœleſtes dons, & ſi rare-ornements

97 965 847 62 De ſainctes actions comme des doux aymantz.

102 1019 837 68 Te faiſantz honnorer, & tes vertus enſemble,

157 1077 718 55 Plus diuine tu és uoguante ſur la mer

101 1127 901 67 De pleurs, battû des flots d’vn dueil triſſe & amer

102 1185 877 69 Pour diſſiper ces flots d’vne douleur poignante

159 1242 870 65 Car le diuin Nocher guidant ton fort vaiſſeau

106 1295 957 65 Comme en ſon TRONE aſſis te donne le flambeau

104 1347 954 77 DE L’HAVTE DEITE qu'en toy eſt RAYONAN¬

163 1403 97 63 TE.
