1078 1920
305 236 440 53 A SON ALTESSE

56 296 909 94 ANAGRAMMATISME

44 382 941 72 HENRY PAR LA GRACE DE

70 452 889 60 DIEV DVC DE LORRAIRE.

193 504 639 64 Du Ciel diapré, grandeur de

285 561 467 67 CHARLE Rayône.

360 696 328 67 STANCES.

41 859 236 243 A

272 872 714 72 quel propos (ô Duc) tant de pleurs de tes

326 939 106 51 yeux.

280 979 706 73 Hé pourquoy rempliſſant l'air, la terre

321 1040 246 62 & les cieux,

35 1091 946 67 Par les ſouſpirs profonds d'vne complainte extreme,

36 1148 772 66 Ainſi te geines tu? pour ton Pere ſans per,

43 1200 938 70 Que le grand Dieu des Dieux à faict au Ciel mõter,

35 1256 894 60 Pour de palme, & laurier encerner ſa belle ame.

36 1312 947 65 2. Touſiours le Ciel vangeur ne darde ſon courroux

35 1364 695 69 Et le Nocher laſſé recoit le repos doux,

43 1419 863 70 Quand Neptune venteux ne mutine les ondes.

36 1476 804 64 Außy ſi pour vn temps tu te ſens tourmenté,

38 1532 777 64 Aduiendra toutes fois toſt la tranquillité,

35 1584 922 62 Pour oster de ton cœur les douleurs plus proſondes.

36 1636 744 82 3. Delaiſſe deſormais ô Prince redouté
