1107 1937
96 77 745 56 Ces lamentables dueils de ton aduerſité,

100 127 940 74 Qu’auiourd'huy te fõt viure en rõgeardes triſteſſes

90 182 869 71 Car pluſtost que ſeicher, il faut ceſſer tout' pleur

103 237 827 72 Qui terniroit aux tiens ta brillante ſplendeur

88 293 838 62 Forte pour dißiper tout brouillar de detreſſes.

88 347 899 69 4. Ceſtuy ſoit regreté qai pert en meſme inſtant

87 403 914 58 Ses biens, faueur, & gloire, attaint mortellement

85 458 774 69 De la mort qui le plonge en l’onde Stygiale

85 513 947 61 Mais CHARLES sãs mourir touſiours viuãt ſerę

84 564 736 67 Car ſon los immortel touſiours eſclatera,

85 632 834 47 De nouueau ranimé en ta grandeur Royale.

80 671 873 71 5. Et comme le Soleil, ſes rayons chaleureux

82 729 910 66 Darde en noſtre hemiſphere il nous rend vigoreux

82 782 835 68 Diſſoudant les vapeurs par ſa drillante flâme

82 840 889 65 Ainſi CHARLES changé en va aſtre des Cieux

79 894 762 69 Pour deßiper de toy,tous maux impetueux

80 950 942 58 Et te roidir le cœur, raye a plõb ſur ton ame. (reux

80 1005 938 58 6. Donc ô toy bien-heureux ſi Prince on trouue heu¬

77 1058 743 67 Pour vne fois regner és champs delicieux

77 1112 855 69 A qui le tout puiſſant n'eſpargne deſſus terre.

75 1170 800 56 Les coelesles faueurs de tous les plus ſameux

75 1220 946 68 Citadins de la hault, pour te ſaire voir mieux(phere

84 1276 935 71 Qu’on t ayme au Ciel nõ moing qu’en ce bas Hemiſ¬

72 1328 947 69 7. Oultre les Charles-grãds Bauldoüins Godefroids

79 1389 939 57 Tant d' Heros, Empereurs, Monarques Ducs & Rois

75 1441 829 69 Tes anceſtres fameux que le Ciel embeſoigne

71 1494 943 70 Au progreZ de ton los,or de ſurplus voicy (Henry

82 1551 936 69 Que DV CIEL DIAPRE ſur toy Grãd Prince

67 1607 949 78 De CHARLE la GRANDEVR: paternelle

126 1660 242 78 RAYONE.
