1101 1932
56 589 171 191 D

54 246 956 67 LARMES SVR LE TRESPAS

82 309 910 54 DE FEV TRES-AVGVSTE, TRES¬

193 365 672 60 ualeureux, & ſouuerain Prince

206 415 641 63 CHARLES Duc de Calabre,

236 470 599 64 Lorraine, Bar, Gueldres &c.

249 605 761 53 VN accident fatal la nouuelle dolente

235 656 769 70 La mon ame affligeoit de peine treſ-cui¬

288 711 123 68 ſante,

56 767 837 63 Et mes yeux eſpleurés ie n'auois plus au coeur,

58 822 952 65 En ma face, en mes mains, couleur, ſorce, ou vigueur

58 877 889 68 N'ayant rien que le dueil pour alleger ma peine.

66 932 951 69 Quand cherchant mon repos d'vne façon humaine

59 993 954 61 Pour donner quelque trefue a mon cœur, a mes yeux

61 1043 906 66 De l’armes, & regretz, pour m’eslancer es cieux

61 1094 772 70 Et ſoudain tranſporté en extaſe profonde

67 1151 932 59 Tous mes ſens captiués eſtant comme hors du mõde,

64 1204 775 67 A l’inſtant i'apperçeu l’admirable beauté

64 1257 775 66 D’vn arbre porte-fruict en la terre planté

64 1310 956 74 Chargé de fueilles & fruicts en tres-grãde abondãce

64 1368 795 69 Haultement esleué telle eſtoit ſa croiſſance

75 1423 814 72 Qu'au milieu de la terre aſis ſon tronc eſtoit

64 1479 738 61 Et ſa cyme le ciel de ſa hauteur touchoit.

66 1532 807 76 Suſrperbe, & pompeuſe eſtoit ſa perſpectiue

77 1597 859 61 Que mon ame a la veoir eſtoit toute attentiue.

119 1643 812 81 Or admirant le nombre, & la forte eſpeſſeur
