1078 1920
73 70 836 64 Et l'ordre fort diſtinct, & l’enorme grandeur,

73 120 785 60 Ie voyois au deſſus nicher vn tas d’oiſſeaux

75 172 713 71 Et ſous ſon eſttendu' les beſtes de la terre

78 232 948 65 Pour paiſtre de ſes fruicts y courroyent a grand erre.

134 288 799 62 Mais comme profondé en mes rauiſſementz

80 340 949 68 I'oyois vn bruit tonner faiſant grand tremblement

83 393 756 67 De ſes bras eſtendus en forme d’vne targe

84 448 824 70 De ſon inſigne tronc merueilleuſement large,

88 505 836 61 Or ſes beaux verdoyants & tortilles rameaux

88 560 800 60 L'aduiſe vn grand Geant de Titaniene rare

99 611 886 70 Qui l’arbre renuerſoit plein de rage & d’audace

91 668 738 71 Ainſi triſte arreſté perplex en mes eſprits

91 723 661 69 De ceſte viſion ſoudain ie fus appris

89 774 843 72 De Morphee, diſant que la mort inhumaine,

91 830 874 64 D’abbatre s’efforçoit le Grand Duc de Lorraine.

92 886 926 62 Grand Duc qui touſiours a d’exemples vertueux

91 937 773 71 Peuplé la terre baſſe & le ciel de ſes vœux,

92 993 846 69 Prince tirant des Dieux s’on eſtoc & ſon eſtre

92 1049 886 71 De qui auſſy des Dieux on a veu ſouuent naiſſtre,

94 1105 732 63 Se retrouuante en luy la race des Ceſars

96 1156 794 72 Et l'Auguſte grandeur, & la force de Mars

148 1214 798 67 Et lors tout eſperdu, d’vn cry eſpouuantable

97 1268 956 71 Ie reprens mes regrets matiere lamentable (moi

97 1323 953 70 Aux Fleuues, Monts, Forets, Rochers tous pleins d'eſ¬

100 1377 861 67 Mes plaintes addreſſant pour pleurer auec moy.

102 1433 798 67 Et ia reſſentants bien ma perte irreparable

102 1484 899 77 Auec moy ſe ſont plaintZ d'vn dueil inconſolable

104 1544 794 60 A les voir on eut dit que ce grand vniuers

104 1595 796 73 S'en alloit finiſſant par leurs regretz amers

174 1651 789 88 Quoy? ſi belle estendüe,& ces belles racines
