1097 1939
100 103 864 69 Qui brilloit en ce Prince ainſi qu'vn firmament.

137 151 856 73 Car comme qui voudroit l’infinité comprendre

84 208 865 69 Ses labeurs accroiſtroit ne la pouuant entendre

84 260 744 74 Ainſe qui taſcheroit, couuert d'obſcurité

84 313 726 74 Atteindre de ſes faictz la ſeraine clarté

85 374 866 62 Demeurant esbloüy, ne pourroit faire accroire

97 426 889 78 Qu’il voye la ſplendeur d'vn ſeul ray de ſa gloire.

135 486 784 63 Et comme le Soleil qui ne faict que tourner

98 534 934 78 Quand plus luiſant paroiſt moins on peut l'œillader

85 593 809 61 Ains ô noble Phœnix regardant ta lumiere

95 646 909 73 Qui darde milz eſclats, plus n’eſt ma veüe entiere

93 704 856 68 Que ſi tes actions, ton haut ſang, ou tes mœurs

88 761 800 64 Tes heroiques faicts & toutes tes grandeurs

84 812 796 70 I'oſe tant peu toucher, ie ſeray ſans langage,

84 866 943 71 Mes poulmõs ſans haleine, & mõ coeur ſans courage.

85 922 782 70 Car mon eſprit ne peut le peſant faix porter

84 979 835 59 D’vn ſi riche argument qui te fait renommer.

137 1034 833 59 Et partant ie ne veux de tes fameux anceſtres

82 1087 888 68 L'hystoire reſueiller qui ont peu par leur dextres

82 1142 786 58 Fracaſſer les eſforts des Guerriers ennemys

82 1194 830 71 Du peaple du Treſ-haue, faiſant fleurir les lys

82 1247 817 73 De la Chreſtienne foy, deſployant l'eſtendard

82 1303 814 70 De la Croix porte-chriſt la force du Soudard

137 1360 757 71 Non ce n'eſtoit aſſez, d’auoir pris origine.

80 1412 918 79 De tant d Heros fameux de ſang noble, & inſigne

79 1468 754 62 Mais ta dexrerité en tant de beaux eſfets

80 1522 949 79 Faict ſuffiſamment voyr qu’as enſuiuy leurs faictz

84 1577 773 72 Heritier de leur force, & vertu neceſſaire

80 1631 884 80 Pour battre, & ſaccager l'heretique aduerſaire.

84 1688 852 87 Comme eux, tu as le nom de Guerrier Martial,
