1098 1930
104 104 778 64 Comme eux tu as battu l'ennemy desloyal

104 157 902 61 Comme eux tu tes rendu en tous lieux redoutable

106 210 946 73 Cõme eux aux eſtrangers t’as faict eſpouuantable.

157 268 894 68 Non plus ne moins que quand d'vn Aguilon grõ¬

106 323 946 59 Roidement agité l'aſpre feu craquetant (dant

104 373 831 70 Embraſe tout le bois d'vne foreſt Champeſtre,

106 431 897 69 Si qu'en bref,vefue elle eſt,de ſon verdoyant eſtre:

106 485 774 58 Ainſi ô indomtable Hercule des Lorrains

106 538 951 61 Si combattre il falloit és champs de Guerriers pleins

111 596 895 69 Tu vainquois l’ennemy par force inexpugnable,

107 649 799 65 Et tu leur demeurois vn foudre redoutable,

109 706 760 66 Si qu’estant noſtre bras,& pilier de la ſoy

107 760 789 65 On te doibt ſurnommer vn autre Godefroy.

169 818 718 64 Tes proüeſſes ſeront a iamais engrauées

104 870 729 64 Vn eternel renom ſans eſtre onc' effacées

106 924 861 63 En tous lieux & endroicts de ce grand vniuers

106 979 900 68 Ou pour gaigner la palme as ſuby maints dangers

106 1032 877 60 Et les Dieux, & le Ciel ou leur conſeil s'aſſemble

106 1087 909 72 Prenantz en toy plaiſir ſeront teſmoings enſemble

107 1145 815 58 De tes faicts & valeurs, ô Heros courageux

107 1198 957 67 Mais comme vn autre Hector vaillant & belliqueus

112 1251 750 72 La vaillance me faict vſer de ce langage

119 1309 803 66 Que Troye fleuriroit par ton braue courage

109 1363 811 65 Si ton repaire eſtoit en terre ainſi qu'au ciel,

114 1416 713 63 Ou ta bois le Nectar,& delicieux miel.

167 1473 839 67 O Prince magnanime, au plus verd de ton âge

117 1529 834 71 Ta as peu par prudence & Neſtorien langage

115 1584 722 62 Les flammes euiter, & aſpres cruautés

115 1643 892 63 D’vne guerre inhumaine ou tous eſtoyent iettés

114 1693 819 82 Les Princes, & les Roys des Regions voiſines

967 1745 105 77 Lors
