1101 1925
93 54 886 69 Car ton merite acquis auſſi grand qu’incroyable

96 107 945 71 T’a faict gaigner l’honneur aupres du Roy des cieux

94 165 860 57 D'auoir le Premier ſiege entre les demi-Dieux.

101 216 725 67 Ta debonnaireté enuers tous ſi courtoiſe

97 271 830 62 Leur donnoir libre acces aupres de ron Alteſſe

99 325 823 61 Ton acueil reſſemblant au Soleil aſtre doulx

97 380 804 65 Influant dés le Ciel ſes riches dons ſur nous

102 437 740 68 Touſiours tu fleuriras pour la ſollicitude

110 494 840 65 Que tu auois au coeur enuers les gens d'eſtude

104 548 672 58 Tu eſtois auoüé des lertres protecteur

102 604 724 56 Et on te reclamoit des Muſes l’amateur.

105 656 837 65 Ton graue-port veillard,& Maiesté puiſſante

102 712 946 61 Aux yeux des regardantz donnoit preuue baſtante

101 766 788 61 De la ferme conſtance, auſſi de la candeur,

113 821 872 70 Que logeoit ton eſtrit plein d'Illuſtre grandeur:

104 879 919 61 Mais tes moeurs & tes faicts & l’humaine parolle

107 930 772 59 Ton afſable douceur, & ta clemence molle

101 988 804 56 Comme aſtres lumineux te faiſoyent adorer

104 1042 799 58 Et de Dieux des armês ſi tendrement aymer

107 1098 766 58 Surpaſſant en bonté toute autre creature

113 1150 832 70 Qui court par le dedal de l'humaine Nature,

107 1209 814 56 Donc tes beaux ornements,& nobles actions

105 1262 740 67 Et de ton vif-eſprit tant de cœleſtes dons

112 1317 921 64 Qui iamais ne mourront, ains eſtant perdurables

109 1381 902 49 Bruyants par l'uniuers comme tres-admirables

107 1429 913 59 Ainſi que doux aymants, attiroyent tous les cœurs

107 1483 953 68 Des Monarques, & Rois, & de tous grãds Seigneurs

117 1536 826 72 Qui leur demeure font ſoubs la voute aZurée

117 1605 842 55 Qui ton image auront a touſours mais encrée

109 1649 927 77 Au plus vif de leur cœurs,non ſans extreme dueil

752 1708 97 77 B2
