1102 1928
78 64 958 67 MaintZ regretz, & ſouſpirs, nõ ſans la l’arme a l’œil

78 117 929 64 Pour veoir esteinte en toy de leurs yeux la lumiere

78 168 724 64 Et ſi toſt aburit le bout de la quarrierre.

86 224 890 70 Quand de tes ans pourpres le frondoyant laurier

82 287 781 61 Ton peuple recreoit d'vn eſpoir printanier

78 335 719 69 Pacifique tiltré paſſant encor' Auguſte

77 390 926 66 Plus Clement que Ceſar, & que Trayan plus iuste

77 445 876 61 Plus heureux qu’Alexandre, & ſur tout liberal

78 507 848 60 A chacun faiſant veoir vn entre-gent royal.

82 559 722 61 Ta doulce affableté,& ta munificence

77 608 950 70 Fourniſſent d’argumentz qui donnent cognoiſſance

83 663 916 68 Que t'as acquis le Ciel par tes dons, & biens ſaictz

77 718 767 69 Outres-riche, puiſſant, par celeſtes effects

78 776 787 64 Les biens couler feras ſur ta maiſon Royale

96 830 812 66 Qui pleure maintenant ta triſte mort fatale.

130 888 838 67 Ainſi propos rompus coup-ſur coups i'entaillois

77 949 722 56 Mon cerueau trauaillé du violemnt effroy

77 996 716 61 De la concuſſion de l’eſclatant tonnerre

75 1050 668 66 De ceste viſion triſite, & imaginaire

78 1105 893 69 Qui me faiſoit paſmer en mon cœur en mes ſens

74 1164 947 58 Bien que l’ame en mon corps, I'eſtois encor' viuant

70 1214 872 69 Et a lors contemplant qu’a coup defer, & hache

69 1269 897 69 Le Grand Geant s'efforce,& l’animé vent taſche

70 1325 830 69 De renuerſer c'eſt arbre, & beau & precieux,

69 1380 867 66 L’arbre touſiours debout, les coups plus furieux

69 1431 810 72 Endure conſtamment, mais en fin il aſſaille

67 1487 843 73 Sa grandeur de tel coups, & ſi fort le trauaille

74 1544 862 72 Qu’esbranlée bien fort, baiſſant ſon chef chenu

67 1601 767 71 Ne peut plus reſiſter par ſa grande vertu

67 1658 804 88 Si que finalement tombante en la campagne
