1078 1908
113 44 914 67 Et pourquoy ſerrés vous ô clair flamboyantZ cieux

111 98 901 67 En voſtre grand pourpris ce Prince tant aymable

113 151 912 66 FaiſantZ former les ſiens complainte lamentable.

116 203 797 73 Aſſés de larmes, dueil, ny auſſi de ſanglotz

111 270 952 54 De mes yeux, de mon coeur, ne pouuoyent eſtre eſclos

122 314 860 70 Quant i'apperceu ſoudain la lumiere brillante

111 370 830 62 Des Manes de mon Prince, a lors ia diſſipante

111 422 869 67 Les broüillars de mon ame & ſon dueil orageux

114 477 842 65 Dont ſa lueur ſembloit eſclairer tous les cieux.

113 535 894 67 Et pourquoy tant de pleurs ainſi me diſoyent elles

113 589 765 61 Si ores nous brillons es voutes eternelles?

114 642 868 70 Non Charle eſt immortel car franc des paſſions

114 701 768 57 De la nature humaine or' iay les Regions

114 753 733 69 De la voute eſtoillée en force conqueſſées

114 809 852 65 Ou de palme & laurier mes vertus ſont ornées,

119 866 737 67 Ceſſe de larmoyer puis qu'en terre ſeront

114 917 959 68 Mõ tronc, & mes Rameaux qui touſiours verdoyrõt

114 969 957 74 Produiſantz fleurs & fruictz pour emporter la gloi¬

113 1028 949 64 Du ciel, & des viuantz obtenir la memoire. (re

116 1082 833 65 Arreſtés donc vos pleurs mes filles, & mes filz

116 1136 805 69 Mes fideles ſubiectZ,& tous mes chers amys.

176 1194 788 58 Car pour mieux decorer ma vie inimitable

116 1246 731 67 Le ciel a coronné mon treſpas honorable

117 1302 871 74 Ou de treſ-griefue peine eſtant preſque emporté.

117 1357 747 70 Prouide ie cognus de la mort l’aſpreté

119 1411 820 72 Et alors i'esleuay,& mes mains & mon ame

117 1469 846 66 A Dieu, par telles vois. Seigneur ie te reclame

119 1523 836 70 Acorde que l’effroy, le regret, ta douleur

119 1577 955 65 Dõt la mort touche, entame, & met hors de vigueur

121 1639 934 76 Mes ame, corps, & ſens, ie vainque en ta conſtance
