1033 1904
39 57 730 69 En foy, en charité,& en ferme eſperance

39 115 876 56 Sois en terre, & au Ciel, en ma vie, en ma mort

42 168 949 68 Mon bien, & mon bon-heur, mon appuy, & mon fort

42 222 726 65 Refocille, renforce, illumine, & enfiâme

41 277 952 67 Mes membres & mes ſens, mon iugement, mon ame

46 333 807 65 Pour gouster le doux fruict en eſtat penitent

44 383 923 72 De l'alme, & ſacré corps du Seigneur tout puiſſant

50 439 794 68 Qui de mal m'a gardé de vice, & de miſere,

46 496 771 64 Faiſant voler mon ame au coeleſte repaire

49 561 730 54 Ou ie preigne repos eternellement doux

50 601 887 66 Auec les Anges ſaincts & mon treſ-cher eſpoux.

107 658 772 68 Ces propos acheués, s’enuola l'ame ſaincte

50 715 914 67 Dans le pourpris des cieux,& ie retiens emprainte

52 769 790 65 Sa belle remonſtrance en ſorte que du coeur

52 821 868 81 De la bouche, & de l'oeil ie chaſſay la langueur.
