1111 1935
306 259 430 50 A L'ALTESSE

46 309 940 95 DE TRES-HAVTE TRES¬

41 401 947 68 LLLVSTRE ET MAGNANIME

98 461 838 69 Princeſſe, Anthoinette de Lorraine Ducheſſe

316 512 402 73 de Cleues, Iulier &c.

46 627 168 198 M

235 615 212 71 ADAME

219 733 767 61 La bonté de voſtre naturel me fait fa¬

218 791 770 60 cilemẽt iuger combien la triſte non¬

50 846 941 60 uelle de la mort de feu Monſeigneur voſtre

48 903 945 58 Pere à cauſé de grandz mouuemens en voſtre

48 954 945 60 belle Ame, & vos paſſions humaines de la tri¬

46 1012 943 61 ſteſſe, & de la douleur ont ſuiuy de bien pres,

51 1062 938 63 voire ſutpaſsé les violẽces de l'eſprit: Elles voꝰ

46 1122 950 58 ont aporté vn ſi grand changement que les

50 1177 941 58 regrets, & les larmes n’õt heu le pouuoir d’a¬

50 1230 946 58 doucir voſtre dueil. Mais la congnoiſſance

50 1285 943 58 d'vn ſi grand mal en ſon extremité vous a¬

48 1338 946 60 fait choifir le remede ſouerain à ceſte affli¬

51 1391 955 61 ction. C’a eſté en la conſideration des effets de

51 1451 943 67 la ſapience eternelle qui avant vn ſoing parti¬

53 1507 948 65 culier des belles & grandes Ames n’a point

58 1560 943 62 voulu vous laiſſer en c’eſte calamité ſans vous

54 1614 943 66 adſiſter de ſes ſaintes, & diuines conſolatiõs.

53 1668 951 83 Et puiſque les remedes humains vous eſtoiẽt

689 1728 108 63 A2
