1111 1929
91 90 950 54 inutiles, quel meilleur antidot pouuiez vous

93 139 950 60 choiſir pour adoucir la douleur de voſtre

93 192 950 66 mal, qu’en eſleuant voſtre bel eſprit par deffus

98 249 945 58 tout ce qui eſtoit de terreſtre en c’eſt accidẽt,

102 302 943 67 puis le retenir, & l’ẽtretenir ſur les cauſes pre¬

96 355 950 61 mieres, & ſupernaturelles d’vne ſi grãde & ſi¬

106 409 942 70 gnalée perte: Ceſt de la Madame que debuez

98 467 950 63 eſperer vn certain contentement d’vne par¬

98 519 950 61 faite cõſolation. C’eſt de la que debuez rece¬

109 580 942 61 puoir & attendre vne genereuſe conſtance

107 631 944 60 pour oppoſer & cõbattre touttes les paſſiõs

104 686 947 59 humaines qui attaquent, & troublent voſtre

104 737 947 68 repos. Puiſque le filz de Dieu meſme Roy par

107 798 946 57 nature de tout l'vniuers eſtant en ſa paſſion,

110 848 944 68 preßé d’amertume à recherché le confort de

109 905 944 67 ceux, qui luy eſtoient plus a charge qu'à ſe¬

110 961 944 59 cours mais ſingulierement at imploré la fa¬

112 1012 798 61 ueur, & l’aſſiſtance de ſon pere celeſte.

135 1070 926 58 MADAME vos Larmes, & vos plaintes ont

110 1122 960 69 aſſez longtẽps poſſedé voſtre belle Ame elles

110 1183 947 57 ont parues, coulãtes doucement de vos yeux,

117 1234 944 60 vos ſoupirs ont feruyt fidelement à ce dueil.

120 1287 941 64 Toꝰ les ſubietz de Mõſeigneur voſtre pere qui

118 1343 941 63 vous honorent ont versé des Ruiſſeaux de lar¬

117 1400 948 59 mes, & voſtre diſgrace auec leur intereſt les à

118 1454 946 61 touché iuſques aux parties les plus ſenſibles

118 1509 951 59 de leur Ame. Cõme le plus petit, & inutil de

118 1564 951 61 ceux la, je voꝰ apelle à la cõſideratiõ de voſtre

123 1618 946 69 perte, que le vulgaire inconſederé eſtime eſtre

123 1675 941 80 infinie. Et voꝰ ſupplie de mõter iuſques au ſe¬
