1134 1942
66 82 949 53 cret conſeil de l’eternel premier autheur de la

68 132 942 60 natutre que cõme Pere cõmun de tous les hõ¬

71 187 941 60 mes affectionne eſgalement touttes ſes crea¬

72 242 940 59 tures reſeruant toutesfois a ſa dinine proui¬

72 297 943 59 dence la conduite, & conſeruation des grands

71 351 944 60 Princes de la terre ſes chers & fauorys nouri¬

77 407 943 65 çons, auſquelz il donne, pendãt le voyage du

72 461 945 58 monde, des Anges particuliers & Dieux tute¬

74 514 948 62 laires,& puis les rapelle ainſi qu’il àdiuinemẽt

74 569 943 62 ordonné pour les faire ioüir des graces eter¬

74 626 946 58 nelles. La mort donc ne peut eſtre qu'vn bon¬

74 681 953 65 heur à Monſeigneur voſtre pere comme vn

79 736 948 63 moyen ſeul,& neceſſaire pour le reünir à ſon

82 789 946 70 premier autheur, & principe; il ny à par cõſe¬

79 844 948 60 quent rien deſpouuantable en la mort, & vo¬

79 901 949 58 ſtre naturel eminent vous en fait iuger autre¬

79 953 954 69 ment que la lye du peuple qui ſe la depeint

85 1008 946 69 paſle, & deffaitte pour ſe faire plus de pœur,

84 1066 947 58 c’eſt pluſtoſt des anciens oracles que prẽdrez

84 1116 949 68 la verité. L’oracle d’Appollo donnant reſpon¬

84 1171 949 62 ce à la curioſité des Beotiens apelle la mort le

84 1228 951 66 bien le plus deſirable que puiſſe ſouhaitter

84 1288 954 55 l'homme en ce monde, ceſte meſme mort eſt

85 1336 950 59 la recompenſe octroyee d’enhault aux in¬

90 1391 948 70 genieux Architectes qui edifioient le ſuperpe

92 1448 946 65 Tẽple de Delphes, laquelle on peut apeller vn

92 1503 948 70 paſſage de ce monde caduc & mortel pour

87 1561 951 55 nous acheminer vers le lieu de noſtre pre¬

89 1613 949 61 miere origine qui eſt la demeure des biẽ-heu¬

90 1666 948 85 rreux. Vous ne pouuez, Madame, acuſer les

764 1734 97 70 A3
