1082 1924
78 81 947 60 Dieux n’y vous plaindre de l’arreſt de la Cour

78 131 946 67 celeſte pour le rappel de ce grand Prince. Auſ¬

78 187 947 59 ſy toſt qu’il fuſt atreſté au parlement des cieux

78 242 942 59 d'enuover ceſſe belle & grãde Ame pour s’ha¬

78 298 944 57 bituer cy bas en terre, elle fut receue auec de

80 349 939 71 grandes allegreſſes, & luy fut donné vn corps

77 408 942 56 des plus rare & mieux composé pour y faire

73 460 946 62 ſa demeure. Qui ſaiſant vn tout de leur liaiſon

81 514 936 64 parut ſur la terre ce grand & venerable Prince

75 569 941 67 prenãt ſon extraction d'vne des plus illuſtres

70 620 944 64 maiſon de la Chreſtiẽté Dõc ſon bõ-heurs s'a¬

72 679 939 63 creut de graces de la nature & de l’eſprit, en

70 734 944 58 receuant le caracere du chriſtianiſme & au

69 788 943 60 lauement du ſainct Bapteſme luy fut donné le

70 843 941 59 nom de Charles comme a celuy qui verita¬

70 901 942 57 blement eſgaleroit les vertus de ſon biſayeul

72 952 939 66 Charles le grand.Il n'auoit encor quité le laict

72 1005 939 66 de ſa nourice, qu'il eſt faict Prince de deux

72 1059 936 71 grandes ; & puiſſantes Duchez, & les faueurs

70 1119 938 61 de fortune ſeconderent de bien pres celle des

67 1170 941 67 Dieux & des graces. Ses vertus venant des ſon

67 1226 941 59 enfance à paroiſtre le firent aymer des plus

70 1281 936 67 grandz Monarques de la terre. Sy que Henry

64 1335 945 59 ſecond Roy de France rauy de la merueille

65 1390 943 59 d'vn ſi rare & beau Prince le rauit preſque

67 1446 937 65 pour le nourir en la nourriture de Meſſieurs

64 1500 942 60 ſes enfaus; & apres en ſon tẽps luy dõner l'vne

64 1552 939 65 de ſes filles: De ceſte alliance & heureux ma¬

59 1609 947 69 riage comme d'vne pepiniere feconde, ſont

62 1667 941 67 extraits trois grands Princes, & quattre

59 1717 942 89 Princeſſes entre leſquelles voſtre Alteſſe tient
