1097 1933
67 57 943 63 l'vn des premiers lieux, qui paroiſſent encor

72 111 938 66 preſque toꝰ ſur le theatre de l'vniuers remar¬

74 165 937 58 quables entre les plus illuſtres Princes de la

70 219 941 59 Chreſtienté. Leſquels ce bon Prince ayãt eſle¬

72 273 941 58 ué auec vn ſoin & affection paternelle, les at

70 328 940 63 haultemẽt placez& par de grãdes &puiſsãtes

72 384 936 60 alliances affermy ſa maiſon & ſes eſtatz, plus

69 442 942 60 heureux en cela que l’Empereur Auguſte, &

69 492 942 66 ſurpaſſant de beaucoup la prudẽce de ce grãd

70 546 941 62 Boy d'Italie Theodoric. Auſſi apres auoir re¬

77 604 934 66 gné plus longuement qu’Auguſte, plus heu¬

72 657 941 63 reuſemẽt que Theodoric,il a de plus heu ceſte

77 711 934 68 prerogatiue d'auoir ſainctement & religieu¬

70 768 944 61 ſement veſcu, iuſques à vne grande & meure

75 819 939 65 vieilleſſe, conſerué ſes peuples en l’obeiſſance

72 876 941 66 de L'Egliſe Romaine, parmy les orages & les

74 940 939 50 mouuemens des nouueaux Religionaires, &

74 987 939 58 enfin chargé d'hõneur & de lauriers, &renaiſ¬

75 1040 939 63 ſant en vne belle & heureuſe lignée,laißé à ſon

72 1095 942 63 ſucceſſeur (qui n'eſclatera pas moins par ſes

77 1150 941 62 vertus heroiques q̃ ſes fameux Anceſtres) ſes

74 1206 939 58 eſtats beaucoup plꝰ entiers, qu’il n'auoit heri¬

74 1258 945 62 té de ſes predeceſſeurs. Ceſt ce que voſtre treſt

74 1316 939 59 deuot & treſ-hũble Orateur doibt contribuer

75 1369 939 63 à la memoire de Monſeigneur voſtre Pere

72 1427 941 59 ſon Prince naturel, pour teſmoignage de ſon

72 1478 939 65 affection, qu il à voulu dedier à voſtre Alteſſe,

72 1535 939 67 s’aſſeurãt qu’elle l’aura pour aggreable, & re¬

74 1591 940 64 ceura d'vne benignité accouſtumée, plus

74 1652 939 71 pour le ſubiect qu’il traicte que pour aucun

692 1707 105 72 A4
