1791 2856
88 447 1248 133 SVR LE TRAICTÉ DE

166 547 1093 124 I’Immortalité de l’ame de Mon¬

295 647 845 128 ſieur Theophile de Viau.

116 809 150 204 E

295 809 783 126 Sprit, qui cherchez curieux

278 904 1065 114 Comment ſe meuuent tous les Cieux,

90 1001 900 119 Et qui meſurez les Planettes:

102 1101 845 112 Hommes debiles de pouuoir,

111 1192 925 119 Qui dans le ſoin de tout ſçauoir

95 1292 907 116 Encore ignorez qui vous eſtes.

192 1385 972 123 Ne portez plus vos yeux ſi haut,

97 1477 755 131 Conſiderez en leur défaut

102 1592 729 100 Vos curioſitez extremes,

107 1680 962 112 Quittez le ſoin que vous prenez,

114 1768 879 114 Et dans ce diſcours apprenez,

114 1861 1048 109 A vous bien cognoiſtre vous-meſmes.

202 1953 1003 117 S'eſt en vain que vous recherchez

119 2051 931 121 Les ſecrets qui vous ſont cachez:

116 2144 834 126 Si par cét air meſlé de flame,

116 2246 803 114 Et par ces eternels reſſorts,

130 2344 1041 119 Qui ſont mouuoir tout vostre corps,

993 2449 179 99 ã 4
