1750 2847
365 249 950 113 Vous ne recognoiſſez voſtre ame.

463 346 857 114 C’eſt par elle que nous viuons,

363 443 874 112 C’eſt par elle que nous ſçauons

358 536 943 114 Nostre bien & noſtre dommage:

358 633 862 104 C’eſt elle qui dans ce bas lieu

360 723 820 109 S’oſe dire ſemblable à Dieu,

358 828 985 111 Comme eftant ſa viuante image.

458 911 812 121 Bien qu’elle ſoit ſans liberté

363 1020 798 111 Dans ce pauure corps agité

384 1107 938 124 Qu'elle ſouſient, & qui la porte,

363 1200 805 121 Elle ayme ſi fort ſa priſon,

382 1297 738 119 Qu'elle défend à ſa raiſon

370 1399 869 109 De iamais en ouurir la porte.

472 1499 952 104 C’eſt ce que vous en pouuez voir:

368 1587 857 116 Mais ſi vous deſirez ſçauoir,

375 1686 788 109 Comme hors de ſon domicile

372 1779 682 107 Elle vit eternellement

379 1876 929 112 A la gloire, ou dans le tourment,

375 1971 1014 114 Apprenez le de THEOPHILE.

465 2064 812 111 Ce diſcours qu’il en a tracé,

372 2154 751 118 Si docte, & ſi bien agencé,

377 2251 1007 123 Montre qu’il ſçait bien ſon eſſence,

382 2346 743 126 Sa gloire, & ſon eternité,

1517 2446 99 111 Et
