1753 2847
375 237 955 114 La grandeur d’vn acte heroïque.

463 336 1002 117 Peintres dont les pinceaux parlans

368 427 900 113 Auecques des traicts excellens

365 519 694 119 Tirent choſes inuiſibles,

361 614 983 123 Le bruict, les penſers, les accords,

363 718 1036 107 Les vents courroucez, ou paiſibles,

361 813 995 109 Et l’Ame au trauers de ſon corps.

458 906 829 118 Vous qui dedans la ſolitude

356 996 1097 116 D’vn bois, d’vn antre, ou d’vn eſtude,

358 1098 867 119 Imaginez vos beaux eſcrits,

358 1193 746 104 Lors que la ſaincte Poëſie

351 1290 929 116 Vous anime, & vous rend épris

361 1385 741 119 De ſa plus douce freneſie.

448 1485 960 114 Venez rendre hommage en ce lieu

353 1575 822 118 A cét eſprit que voſtre Dieu

353 1674 1000 121 Recognoit meſme pour ſon maiſtre:

349 1772 800 118 Ployez tous icy les genoux,

349 1864 945 119 Vous deuez bien le recognoiſtre,

351 1959 1126 121 Puis qu'vn Dieu l’a ſaict deuant vous.

446 2056 891 124 Tirez à ce coup des merueilles

346 2151 777 117 De vos laborieuſes veilles,

351 2244 796 114 Pour honorer d’vn iuſte los

353 2341 837 133 Ce grand, & ce diuin Oracle,

1470 2443 127 121 Qui
