1753 2847
363 246 962 126 Où vont les plus hautes penſees,

358 339 936 118 Demander audiance aux Dieux

361 434 817 125 Pour en eſtre recompenſees.

477 533 770 119 Que le Ciel ne m’a-t’il doüé

363 614 791 135 D’vn eſprit qui fut aduoüé

358 723 801 119 Du iugement le plus ſeuere,

349 818 729 126 I’ecrirois les perfections

353 913 948 121 De vostre Autheur que ie reuere,

356 998 774 121 Sans me ſeruir de fictions.

441 1103 927 125 Muſe, aurois-tu bien le courage

342 1205 1083 128 D’entreprendre vn ſi grand ouurage?

344 1297 798 124 Sonde ta force, éprouue toy,

344 1383 912 123 Où l’on diroit voyant mon ſtile,

361 1494 881 121 Que pour faire parler de moy,

337 1582 971 119 Ie parlerois de THEOPHILE.

434 1684 846 114 Arrestons nous doncques icy,

339 1772 789 128 Et ne ſoyons plus en ſoucy

334 1879 863 97 Comme i’accorderay ma Lire,

334 1971 939 116 Puis qu'à ce coup ſans en parler,

327 2066 860 116 Ie diray ce qu’on ne peut dire,

337 2156 829 133 Et que l’on ne doit pas celer.

1204 2367 370 131 A MON
