1776 2850
145 453 1219 147 A MONSIEVR

190 603 1108 121 THEOPHILE DE VIAV.

140 767 150 206 T

301 786 1087 142 Oy qui te ſens louër, qui reçois de la

408 907 117 73 vie

137 980 1220 117 Ceſte ſeule faueur, qui vient apres la mort,

130 1083 1203 106 THEOPHILE, iouy librement de ce ſort,

130 1170 1251 119 Qui te met au deſſus du pair & de l’enuie.

221 1268 1153 119 Quand ton ame ſera de la Parque rauie,

118 1365 1232 112 Dés qu'elle aura franchy ce naturel effort,

121 1455 1112 122 Vn ſoucy plus diuin la ſaiſira d’abord,

121 1558 1103 109 Et ta ioye en ſera pleinement aſſouuie.

211 1650 1165 114 Tu foleras aux pieds les feux & les

306 1745 240 105 deſtins,

121 1843 1250 106 Tous les Dieux à l’envy te feront des feſtins:

118 1930 1246 114 Mais ſi la ſoif te prẽd, ſi ta bouche s’allume,

121 2033 1243 111 Quel breuage aſſez doux fera rire tes yeux,

123 2128 1248 114 Puis qu'estant icy bas, tu fais boire à ta

259 2220 209 105 plume

118 2308 1125 131 Ce qui ſe boit au Ciel de plus delicieux?

943 2479 421 131 A MON
