1776 2850
152 258 953 136 Les neiges meſmes ſe fondoient,

156 363 1030 142 Lors que tu formois ta complainte:

154 460 987 117 Aux premiers accens de ta voix,

152 543 977 136 L'horreur des autres & des bois

152 657 841 124 Fut de compaſſion atteinte:

154 745 858 133 Et touſiours depuis ceſte fois

152 845 972 138 La douceur y demeure empreinte.

252 1042 748 121 Quelle cruauté ne gemit,

154 1130 835 128 Quelle constance ne fremit,

159 1220 929 140 Quand tu décris ce lieu funeſte?

147 1322 889 112 Mais auec ces belles couleurs,

149 1415 878 135 Voyant éclatter tes douleurs,

147 1512 865 129 Pardonne moy ſi ie proteſte,

168 1605 1046 135 Qu' ainſi t’obligeant aux mal-heurs,

152 1700 853 145 Encore tu leurs dois de reſte.

249 1897 908 124 En fin laiſſant ces apres monts

166 1985 960 133 Et ces rochers, de qui les fronts

161 2092 970 119 Seruent de buttes aux tonnerres.

161 2177 1053 126 Laiſſant les ſangliers, & les loups,

164 2272 936 131 Et les corbeaux, & les hiboux,

154 2375 813 140 Hôtes de ces ſteriles terres.

423 2477 228 104 Part .j.

1133 2455 62 102 ẽ
