1753 2847
408 284 1043 124 Tes Muſes ſous vn Ciel plus doux,

401 379 1138 135 Se vindrent longer à BOVSSERES.

505 562 832 145 Là ſe voit vn petit château,

406 669 1021 137 Ioignant le pied d'vn grand côtau,

403 766 912 123 Où Baccus ſeant en ſon throne,

401 863 800 116 Haut eſleué ſur vn arceau,

399 953 926 133 Eſtend ſes bras au bord de l’eau,

399 1053 862 128 Le long des riues de Garone;

418 1155 840 121 Qui glorieux de ſon berceau,

396 1245 870 131 Mépriſa la Seine & le Roſne.

491 1428 974 128 Là THEOPHILE auec plaiſir

391 1525 758 109 Nous conſiderions à loiſir

389 1615 993 138 La force & le poids des myſteres,

406 1729 902 114 Que ces vieux ſages ont tracez:

391 1819 886 126 Puis nos eſprit s’eſtans laſſez

389 1914 886 119 A reuaſſer ſur ces bons Peres:

387 2009 914 123 Nous noyons nos ennuis paſſez

384 2092 1138 140 Dedans le nectar de BOVSSERES.

472 2294 813 133 Ie ne ſçay ſi noſtre Appollon

375 2389 872 144 M'inſpiroit dedans ce valon:

1551 2484 111 123 Cu
