1776 2850
68 273 954 126 Ou bien ce Dieu, qui nous anime

68 368 766 133 Par la force de ſa liqueur:

71 465 934 133 Malgré l'hyuer, & ſa rigueur,

71 562 929 129 Ma plume enfantoit de la rime,

71 657 934 126 Sentant la force, & la vigueur

68 755 921 133 De quelque veine bien ſublime.

159 950 906 125 Non, ce n’eſt rien que pur abus,

66 1042 923 117 Tout ce qu’on dit de ce Phœbus,

64 1135 872 133 C'eſtoit l'effect de ta preſence:

66 1239 951 117 La vertu qu’on ne peut nommer,

66 1327 944 128 Ce feu, qui te fait renommer.

68 1429 1253 129 LE GRAND POETE DE LA FRANCE,

76 1524 936 124 Eſt aſſez fort pour m'enflammer

68 1622 935 133 Du moindre rayon qu'il élance.

166 1814 1094 126 Quand CLORIS tenoit ta raiſon

68 1902 742 126 Aux delices de ſa priſon,

73 2002 1008 118 Et quand tu chantois ſes trophees,

66 2097 906 107 L’extreme douceur de ta voix

68 2192 892 116 Rempliſſant tout ce petit bois,

71 2291 986 117 Fit dire aux Faunes & aux Fees,

92 2386 780 141 Que tu ſurpaſſois mille fois

898 2505 156 86 ẽ 2
