1753 2847
361 320 905 130 Les Amphions & les Orphees.

465 502 829 136 Ces lieux aux ſiecles à venir

370 621 744 119 Conſerueront le ſouuenir

368 704 912 128 De ſes beautez & ton martyre.

361 813 767 121 Iamais ſes riuages fleuris

370 901 986 126 Dans les ſaules qu’ils ont nourris

368 986 926 129 P'orront murmurer le Zephire,

387 1079 852 140 Que le beaut nom de ta Cloris

377 1172 981 144 Qu’ils t’ont veu ſi ſouuent eſcrire.

463 1352 928 159 Ta veine ainſi ſan; faire éfort,

365 1468 950 126 Peut forcer les loix de la mort,

363 1558 957 140 Faiſant qu'vne beauté mortelle

363 1663 879 128 Puiſſe immortellement florir;

365 1769 860 119 Et tout en ſemble ſans tarir,

363 1852 881 119 Dedans l’inuention nouuelle

368 1959 900 124 D’vn liure qui ne peut mourir,

365 2042 1012 143 Nous ſaire voir l’ame immortelle.

458 2242 819 125 Ceux qui n'oſent calomnier,

363 2346 862 116 Pourront-ils deſormais nier,

377 2438 860 138 Que malagé leur malice noire

1543 2512 100 130 Tu
