1776 2850
611 130 33 124 2

90 282 787 112 Tu ayes par tout l’vniuers,

95 368 789 121 Immortalizé dans tes vers

92 448 849 136 Ton innocence, auec ta gloire:

92 562 854 124 Et fait mourir de ces peruers

95 650 948 129 L’honneur auecques la memoire?

190 850 1008 123 Grand eſprit que tes vers ſacrez

97 942 968 124 Soyent deſormais à Dieu ſacrez,

102 1049 986 112 Dans la douceur d’vn graue ſtile,

104 1142 697 119 Dy ſes miracles inoüir:

99 1242 813 109 Ne tient ces talens enfoüis;

106 1330 1154 125 Le monde attend que THEOPHILE,

109 1427 996 107 A chanter l'honneur de LOVYS,

104 1520 1094 118 Doit rauir lhonneur à VIRGILE.

192 1714 1008 124 Cet argument qu’on peut traitter,

123 1812 901 123 Et ſans mentir, & ſans flatter

123 1909 906 119 Eſt digne d’exercer tes veilles:

130 2004 840 121 Ie ſçay bien que pour le loüer

126 2097 786 116 Ta langue ſe peut denoüer

130 2199 873 109 Auec des graces nompareilles:

118 2294 764 111 Toutesfois il faut auoüer

149 2391 1058 126 Que c'eſt trop peu pour ſes merueilles.

1000 2491 181 102 ẽ 3
