1791 2856
95 257 1245 123 du vice: l’eloquence na plus de gra¬

97 354 1243 117 ce qu’à perſuader la liberté, & les

95 449 1243 117 mauuaiſes mœurs: la pointe & la fa¬

95 545 1260 126 cilité de l’eſprit ne paroiſt plus qu’à

90 642 1253 107 meſdire; habile, c’eſt bien trahir: la

83 740 1253 114 raiſon eſt incognuë, la Religion en¬

92 837 1244 110 cores plus: le Roy ne void que des re¬

95 930 1243 110 uoltes: Dieu n’entend que des im¬

97 1025 1246 110 pietéz, tant le ſiecle eſt maudit du

90 1120 1250 112 Ciel & de la terre: les gens de lettres

88 1213 1252 117 ne ſçauent rien: la pluſpart des Iuges

88 1311 1255 117 ſont criminels, paſſer pour honneſte

85 1411 1255 107 homme, c’eſt ne l’eſtre point. Dans

90 1508 1250 103 ce rebours de toutes choſes, i’ay de

90 1599 1248 112 l’obligation à mes infamies, qui au

95 1701 1245 105 vray ſens ſe doiuent expliquer des fa¬

92 1787 1239 117 ueurs de la renomme. Sur ceſte foy

92 1892 1246 104 ie ne changeray, ny mon nom, ny

92 1984 1246 100 mes penſees; & veux ſortir ſans maſ¬

92 2077 1244 110 que deuant les plus cenſeurs des éco¬

83 2161 1250 126 les les plus Chreſtiennes. Ie ne ſçache,

88 2268 1248 112 ny Latin, ny Francois, ny Vers, ny

92 2358 1256 148 Proſe, qui redoute la preſſe, ny la

907 2475 164 93 ã 3
