3456 4677
1131 1321 105 74 10

1454 1309 543 101 HISTOIRE

1127 1399 1139 85 Se non ſauoures prene que de pics & patats.

1115 1535 1178 86 Il ne faut recherchez que la gloire en nos armes.

1256 1465 901 86 SOLDAT FRANC,OIS.

1115 1664 1170 93 A quo ſerio leau fach per lous paures gendar¬

1279 1597 772 82 SOLDAT GASCOV.

2118 1617 163 86 (mes.

1111 1796 1026 90 Ils ſont riches d’honneur étans victorieux.

1283 1734 866 86 SOLDAT FRANC,OIS.

1111 1929 1065 97 Anas v eoure d’aquo ſe non auez res pus.

1322 1863 757 89 SOLDAT GASCOV.

1127 2046 1033 109 Le ſoldat eſt contant lors qu'apres la victoire

1244 1995 881 86 SOLDAT FPANC,OIS.

1115 2128 1170 97 Il ſe voit tout couuert & d’honneur & de gloire,

1107 2194 1007 93 La couronne eſt en teſte honnorable loyer,

1115 2331 1034 89 Faſez lou pey ſoupa de feilles de laurier,

1314 2264 757 82 SOLDAT GASCON.

1113 2389 1161 97 Son a res pus gaignat be pot ſa bonne chere,

1107 2451 1170 97 El cal vieure autramẽ, s'auẽ dous dets de guer¬

2180 2533 90 97 (re:

1103 2513 1073 110 Mays yeou nõ podi pas creire certenomẽ,

1107 2591 1167 98 Qu’aquo que rodo tãt nõ ſio vn mouly de vẽ,

1103 2654 1174 97 Lou courre quel õ vey de toutes las nouuelles

1096 2716 1181 117 Non repreſentoures ſonco las quatre velles.

1107 2852 1057 102 La guerre eſt declarée, on m'a dit cét aduis,

1279 2794 839 86 SOLDAT FRANC,OIS.

1099 2915 1050 101 Et qu'on doit petarder des lieux de ce Pays:

1092 2993 1088 93 On commance d’armer, on repare les villes,

1092 3040 1006 109 Ces dépances ſeroient vaines & inutilles,

1092 3121 1010 94 Si le deſſein n’eſtoit d'employer les ſoldars,

1096 3188 1092 93 Aux effets glorieux de mille & mille hazars.

1084 3308 1022 114 Ayſſo reſſemblara à certaine magaine,

1306 3258 765 86 SOLDAT GASCOV.
