3456 4677
1174 1410 807 78 Que non fouguez daquel aduis

1170 1473 710 89 Yeou manejaui la fourtuno

1170 1543 905 86 Entre lous dets comme vne pruno,

1170 1613 737 86 Ero el res que non trambles

1174 1679 776 82 Deſiouſt la ſollo de mous pes:

1174 1749 881 78 Ce cal quyeou torne fa la guerre,

1162 1804 749 90 Aquo ſera lou mal de terre:

1166 1878 780 82 Car yeou ſembli vn diabolic

1162 1940 733 90 Dins l’armado de lennemic,

1166 2007 823 85 A tant valdrio que la tempeſte,

1181 2077 773 90 Lour ages grellat ſur la teſte:

1181 2143 1034 82 Yeou lous randi mays morts que vieous

1174 2209 842 86 Comme la feilles dels oulieous,

1181 2276 948 85 Tant valdrio qu'vn cop de tonnerre

1181 2342 742 90 Lous alongueſſe ſur la terre,

1178 2412 986 82 Comme quant yeou lour ſouy paſſat,

1178 2478 764 82 Ou per dauan ou per couſtat.

1330 2591 858 102 SOLDAT FRANCOIS.

1178 2673 1146 86 Que deuons nous venir redoutables gendarmes?

1178 2736 1150 89 Faut-il prẽdre & dõner en vain touſiours d’alar¬

1181 2813 1007 75 Faut-il eſtre nourris d'vn espoir incertain,

2199 2786 133 109 (mes?

1178 2872 1033 86 Et remettre touſiours du ſoir au l’endemain

1178 2938 928 86 Les executions d’vne guerre prochaine,

1178 3001 1099 85 Et nous ſeicher de ſoif aupres de la fontaine?

1181 3063 991 93 Deuons-nous eſperer de reuoir nos ſoldats

1181 3133 1046 90 Marcher à tourbillons deſſous nos eſtendars,

1181 3195 1112 94 Et comme de troupeaux és deſertes campagnes

1178 3266 1123 93 Trauerſer les coupeaux & fendre les montagnes.

1474 1293 538 121 HISTOIRE

2238 1364 79 78 13
