3456 4677
1326 1293 698 121 DE PEPESVC.

2199 1336 94 113 15

1138 1410 886 86 Car ſez-vous homme qu’on ſapias

1131 1477 729 89 S’auren la guerre ou la pas.

1532 1543 383 86 PEPESVC.

1131 1609 788 94 Des quatre cantous de la terre

1135 1683 819 78 Venou nouuelles de la guerre,

1135 1742 655 89 En matiere d’aquel aduis

1138 1812 738 86 El ou cal prene tout al pis,

1142 1882 671 86 Et fa fayre per ſa deffence

1135 1940 784 90 So que Marti fech à la dance:

1150 2007 851 89 Yeon ay mandat de touts couſta.

1138 2077 746 90 De gens per aue de ſouldats:

1138 2139 855 90 Car yeou voli qu’aqueſte guerre

1138 2209 738 90 Me rendo meſtre de la terre.

1361 2276 733 81 SOLDAT GASCOV.

1146 2342 804 93 Mouſur, beleau vous armarez

1138 2412 714 82 Et peys aquo non ſera res,

1131 2474 924 90 Se nous creſian qu'aquo fougueſſe,

1135 2545 791 81 Et que la pas non retourneſſe,

1135 2611 897 82 Nous autres ſen de bous ſouldats,

1138 2673 710 90 Que donnaren force patats

1131 2736 799 93 Per ta grande que ſio la troupe

1135 2802 838 93 Ly ſautarian deſſus la croupe,

1150 2872 925 90 Touxes dous ſen hommes d’ounou,

1150 2942 792 90 El es Frances & yeou Gaſcou,

1146 3004 882 82 Vous ſçauez qu’aquelle beſoigne

1150 3079 749 89 Es naturelle à la Gaſcougne,

1146 3137 866 90 Et que iouguan tant pla des dets

1146 3207 714 90 Comme elles des goubelets.

1298 3266 890 102 SOLDAT FRANC,OIS.
