3456 4677
1123 1360 1057 82 Que pluſtoſt tarira le ſang dedans ma veine,

1123 1426 1014 86 Que ie vienne par dol & par meſchanceté

1119 1488 776 90 Faillir iniquement à ma fidelité.

1349 1562 730 82 SOLDAT GASCOV.

1131 1617 737 94 Vous vous poudez aſſegura

1138 1695 738 86 Que tant que guerre durara,

1138 1753 878 94 Yeou vous ſeray touſiours fidelle

1131 1824 815 85 Comme la paure tourtourelle:

1135 1890 881 93 Car yeou ſio ſecq comm'vn ſahuc

1131 1968 768 85 Syeou quitti iamays Pépeſuc.

1517 2030 382 90 PEPESVC.

1131 2100 936 90 Sus armas-vous braues gendarmes?

1127 2163 842 89 Que cadaſcun prengo ſas armes,

1127 2225 671 101 Afin cal bel premié ſignal

1135 2287 877 98 Non calque que monta à cheual,

1135 2365 729 90 Et quitta chacun ſa caſaque

1135 2435 788 90 Per fayre lou drap de l’eſcape.

1369 2506 671 85 SODAT GASCOV.

1127 2564 733 86 Cappitayne ſapian pus leau

1138 2634 714 86 Se la cal tira del fourreau;

1138 2704 742 82 Car de voulé battre l’eſtrade

1135 2767 846 82 Qu’on nyage guerre declarade,

1138 2829 746 90 El val tant faire ſant vincens

1138 2907 777 82 Ou prene la Lune en las dens

1131 3028 1119 93 Braue race de Mars à quoy ſeruent les armes,

1529 2965 382 94 MEGERE

1131 3106 1150 82 Pendant que la campaigne eſt pleine de gendar¬

2157 3172 132 90 (mes:

1131 3160 1018 90 I'ay verſé dans le ſang de dix mille ſoldars,

1131 3227 1061 89 Vne eſtrange fureur de courir aux hazards;

1135 3297 1158 93 On ne voit rien que ſang, on ne voit que carnage?

1306 1243 734 121 DE PEPESVC.

2203 1262 82 109 17
