3456 4677
1263 1309 745 117 DE PEPESVC.

2168 1321 78 109 19

1092 1410 811 106 Las nouuelles d’aqueſt courrié

1096 1492 768 98 Non layſſou pas res en arrié,

1092 1559 936 85 Be dis tout haut qu’ya tournadiſſe,

1099 1621 812 101 Et que lou diables ſe compiſſe:

1099 1683 820 98 Yeou counoyſi qu’aquel aduiſt

1107 1769 749 78 Ven de la part de l’Antecriſt

1103 1831 773 86 Acos vn homme qu’a la vogo

1099 1898 905 81 Deſaupre mays qu’vn Aſtrologo.

1248 2015 881 101 SOLDAT  FRANC,OIS.

1103 2092 1057 90 Ce n’eſt point le caquet d’vne ſimple bergere:

1115 2163 1170 89 Car c’eſt du creux d’Enfer l’execrable Megere,

1115 2229 1045 93 La guerre eſt delarée, & déja le tambour,

1115 2291 1077 90 Comme vne belle aurore nous annonce le iour:

1115 2357 1174 86 Ah que ce bruit me plaiſt? quelle douce muſique?

1127 2424 1065 113 Queille fléche d’amour eſt d’vne belle picque?

1127 2490 1158 86 Vaut-il pas mieux entendre au lieu des inſtrumãs

1127 2560 1162 90 Trompettes & mouſquets & les canons tonnans:

1131 2630 1053 90 Au lieu de courtiſer quelque fiere maitreſſe,

1127 2693 1092 82 Saiſir vn bon Bourgeois qui nous faſſe largeſſe,

1131 2759 1033 78 Le gratter, le frotter iuſques aux inteſtins,

1135 2817 1166 94 N’eſt-on pas plus contant qu’a toucher des tetins

1135 2888 1111 85 Et mettre les cinq doigts dedans vne eſcarcelle,

1142 2962 1096 78 C’eſt vne autre chanſon que doüir ma cruelle,

1135 3024 979 78 Sa, ſa, remuons nous, Pepeſuc ordonnés,

1138 3082 1089 98 Ce n’eſt pas à preſent qu’il faut ſeigner du neZ

1548 3153 381 67 PEPESVC.

1142 3215 769 86 Or ſus ſoldats agen couratge,

1150 3285 831 90 Vautres tenes vn bon lengatge:
