3456 4677
1318 1305 733 109 DE PEPESVC.

2203 1321 102 117 21

1131 1383 827 105 Se non ſaſian daillia lou prat,

1135 1469 795 90 Sa, ſa, Soldats, à la bataille,

1135 1535 869 90 Fazen nous-y comme qui daille:

1146 1601 749 98 Yeou voly fa commandamen

1135 1672 795 93 Per tout qu’on arme vitamen,

1135 1738 838 89 Gaſcou, vay-ten tu fa la crido,

1131 1792 768 102 Tu qu'as la parauleo poulido,

1138 1886 863 78 E: lou di ſcours tout ple de chuc.

1334 1944 784 94 SOLDAT GASCOV.

1131 1995 795 101 De la part del grand Pepeſuc,

1127 2069 893 90 Neuout de Mars, fil de Latonne,

1127 2131 1170 113 Pus puiſſant qu’vn Diables quand tronne,

1123 2213 729 90 Maſſe quatorze bras de fer,

1123 2280 874 77 Lou Rodomon qu’ero en Eufer,

1131 2330 846 105 Mange murailles, briſe picques,

1131 2416 862 86 Seque tonnels, vuide barriques,

1123 2474 784 94 Meſtre des gouſſes enrageats,

1127 2552 799 82 Gaigne Caſtels, ſaute fouſats,

1119 2607 893 90 Garde cantous, ferme carrieyres,

1115 2677 1034 90 Grand emprenniayre de chambrieyres:

1111 2747 769 82 El fa entendre à toutes gens,

1115 2813 917 82 Que pouyroou pourta fournimens

1119 2880 792 89 De s’ana randre à ſon armade,

1111 2950 808 90 Pey que la guerre és declarade.

1283 3020 854 82 LE MESME GASCON.

1111 3071 710 93 Mouſur, yeou ay executat

1111 3141 847 90 La charge que m'auez donnat,

1111 3203 870 98 Vous aurez force gens de guerre

1111 3281 815 98 Des quatre cantous de la terre:
