3456 4677
1244 1293 792 125 DE PEPESVC.

2153 1329 97 89 23

1088 1403 682 93 Ayſſo ſerio la malo peſto

1096 1469 659 105 Se la pas gaſtauo la feſto.

1482 1539 398 90 PEPESVC.

1088 1601 866 98 Qu'es ayſſo que ven tant d’apas?

1287 1660 717 105 SOLDAT GASCOV.

1092 1746 745 85 Ay, Pepeſuc, ayſſos la pas,

1092 1808 858 93 Souldat Frances, tenez lou rire.

1466 1878 410 86 PEPESVC.

1092 1940 799 98 Eſcouten ſo que bouldra dire.

1451 2065 464 98 LA PAIX.

1099 2139 1104 98 De la voute des Cieux ie deſcens ſur la terre,

1099 2209 1003 94 Pour étancher le ſang de la cruelle guerre,

1099 2276 1030 93 Pour éteindre le feu que la rage a allumé,

1099 2338 894 101 Et oſter le venin qu’elle y auoit ſemé:

1099 2412 1108 86 Ie ſuis cette alme ſœur, cette fille immortelle,

1099 2467 921 97 Cette diuine Paix, la compagne ſidelle

1099 2537 1116 93 De luſtice & de Foy mes deux fatales ſœurs,

1107 2611 1026 89 Qui venons ordonner le repos de vos cœurs,

1096 2669 1068 94 Mettés les armes bas, ſoldats impitoyables,

1099 2736 980 93 Le destin a des loix qui ſont inéuitables:

1099 2802 1116 89 Il le dit, ie l’ordonne, & veux que deſormais

1103 2868 1054 94 On ne gouſte icy bar que les fruits de la paix:

1103 2938 1108 86 Ne vous repaiſſés plus de ſang ny de carnage,

1103 3001 937 93 Laiſſés cette fureur à vn tigre ſauuage:

1107 3075 913 78 Chaſſés de ce Pays & ce penible métier,

1123 3125 948 109 Pendés-le par le col, deſſus vn rattelier:

1115 3195 1162 98 Chaſſés dans vn tombeau le ſalpétre & la poudre,

1107 3258 1167 109 Dont pour vous maſfacrer vous cõposés la ſoudre.
