3456 4677
1357 1251 655 113 DE PEPESVC

2231 1284 86 111 25

1298 1356 859 82 SOLDAT FRANCOIS.

1146 1430 1092 90 O trois & quatre fois fortune variable,

1138 1484 1182 117 Qui te plaiſt de monſtrer les biens dans

1240 1590 308 82 vne fable,

1138 1648 1182 113 Qui armes noſtre bras, & quant & quant

1232 1746 207 81 tu fais

1146 1816 1171 85 Appendre noſtre fer au temple de la pais:

1146 1905 1182 90 Qui nous fais quand tu veux degainer nos

1232 1983 203 78 eſpées,

1138 2050 1175 89 Et remettre au ſourreau ſans eſtre enſan¬

1217 2131 284 90 glantées,

1150 2190 1174 113 Hores que ie penſois par droit & par raiſon

1135 2283 1170 98 Gaigner dix mil eſcus d’vne ſeule rançon,

1135 2357 1182 114 Que ie tenois ſi ſeurs auant qu’il fut Di¬

1228 2439 269 90 manche,

1127 2513 1186 86 Comne ie tiens mon bras aſſeuré dans ma

1220 2595 270 82 mancbe,

1127 2665 1182 94 Faut-il que remettãt mon épée au fourreau

1119 2751 1139 86 Ie ſorte l’eſperance que ie dans le cerueau.

1490 2813 409 90 PEPESVC.

1146 2872 691 101 Soldat Frances ſias patien,

1138 2950 878 90 Et prenez lou temps comme ven:

1127 3016 757 82 Car vezés-vous aquel affayre

1119 3082 866 90 Semble lou ioc d’vn Eſcrimayre,

1127 3145 823 93 Vn cop deſſus, vn cop de bas,

1123 3219 663 86 Aro dauan, aro da tras,

1989 3270 58 101 B
