3456 4677
1384 1266 679 105 DE PEPESVC.

2266 1286 78 101 27

1189 1336 788 102 Yeou qu'ery tant pla reſolgut

1197 1414 835 94 De fa lou pis qu’aurio pougut,

1201 1488 737 90 Et de fa courre la poullaille,

1193 1555 987 85 Comme quan quauque gous baraille,

1197 1613 667 94 Es el pouſſible que la pas

1193 1691 745 82 M'age aytal donnat ſul nas,

1201 1753 655 90 Et qu’elle ſio aro la cauſe

1197 1824 924 85 Que mous cinq dits eſtan en pauſe,

1197 1894 753 85 Non ſaby pas que m’a tengut

1193 1956 866 82 Qu'on Iyage fach peta l’embut,

1201 2022 679 86 Ta belle obre ageſſi facho

1197 2085 878 89 De ly eſpoulſa pla la mouſtache,

1197 2147 823 97 Iamays beleau l’on n’aurio pas

1201 2225 647 86 Viſt per yſſi luſi la pas,

1193 2287 975 90 Qu’es aquel bruch que ven ſur terre?

1193 2420 835 82 Ayſſos cauque ſigne de guerre,

1595 2357 367 82 PEPESVC.

1181 2478 777 94 Calas ſoldats, auzen que dis,

1193 2556 839 78 Ayſſo ſera quauque autre aduis.

1540 2619 398 89 MEGERE.

1185 2669 1182 125 I'ay mis par tout le feu de diſcorde & de

1279 2778 238 90 guerre,

1189 2841 1167 97 Et ne puis embraſer ce petit coing de terre:

1185 2919 1171 101 Quelque Dieu voudroit-il preſeruer en¬

1322 3016 203 78 uieux,

1189 3063 1167 105 De mon embraſement ce peuple genereux?

1185 3137 1159 129 Voudroit-il s’oppoſer d’vne main plus puiſ¬

1232 3227 222 113 ſante,

2012 3293 78 93 B 2
