3456 4677
1337 1286 687 93 DE PEPESVC.

1146 1356 1178 140 N'eſperez plus de voir cette paix mẽsõgere,

1146 1453 1167 117 Le deſtin en ſon lieu t’enuoye vne Megere,

1150 1520 1147 124 Pour allumer le ſeu par tout cét Vniuers,

1146 1586 1182 136 Et remplir les chemins d’hazards & de

1252 1711 284 85 dangers:

1150 1761 1077 117 Le deſtin m’a predit ta fatale rüine,

1162 1843 1166 113 Tu ne peux éuiter tout ce qu’elle termine:

1154 1917 1186 113 Or ie vois qu’vn chaqu'vn s’eſchauffe peu

1240 2022 214 86 à peu,

1162 2077 1182 109 Et qu’enfin fur la paix ma rage a preualeu,

1154 2151 1178 117 Ie n’entends que de bruit, ie n’entends que

1240 2248 304 90 d’alarmes

1162 2303 1178 113 Et le pays couuert de ſang & de gendarmes:

1154 2385 1186 105 Ie va reuoir Pluton, & luy dire comment

1166 2455 1174 121 On void par tout l’horreur de mon embra¬

1220 2552 262 113 ſement.

1568 2611 433 89 PEPESVC.

1166 2689 998 117 Couratge, ſouldats, bé ya breſques,

1178 2782 873 87 Aqueſtes nouuelles ſou freſques,

1178 2849 643 97 Aro bé creſi que l’on pot

1178 2911 760 101 Mettre la caſſo dins lou pot:

1178 2981 776 94 Car la guerre torno aro fayre

1181 3047 820 90 Comme vne rodo d’amoulayre,

1185 3114 792 93 Tant tourne lou farrat al pous

1185 3176 843 94 Qu’enſin lay mudo ſous catous,

1178 3238 768 106 Enfin la niboul courrouſſade

2012 3297 117 93 B 3
