3456 4677
1131 1356 97 93 34

1123 1445 815 75 Et fa fa mays que l'on non dis,

1127 1496 893 94 Quand l’on a ounchat la coudene,

1123 1559 1002 89 L'on canto peys comme vne orguene,

1244 1831 952 86 Chanſon, ſur le chant de Guelindon.

1310 1952 718 90 SOLDAT GASCOV.

1127 2034 121 203 Q

1263 2011 1007 101 V'aquo ſerio greau as paüres gendarmes

1111 2155 1170 89 Guelindon, guelindon, guelindeine, guelindõ.

1267 2077 1007 101 De s'en tourna leau & quitta las armes,

1170 2280 1068 97 De non gaigna res, porta l’arquebouſe,

1119 2338 913 105 Valdrio tant aué lou fus & fialouſe,

1115 2412 1155 97 Guelindõ, guelindon, guelindeine, guelindon.

1166 2548 1084 90 Fazen aquel cas, qu'on nous vengue dire

1119 2619 1022 89 Qu'aro auen la pas, be nyauro perrire,

1123 2689 1151 86 Guelindon, guelindõ, guelindeine, guelindon.

1092 2810 1185 93 Yeou ay may patit que non pas las peyres,

1103 2864 1085 105 Aro non ſios tu lon de las chambrieyres,

1111 2934 1155 125 Guelindon, guelindõ, guelindeine, guelindon.

1412 3016 499 86 Fin de la Chanſon.

1107 3199 1026 102 Quel Demon infernal de ſa puante allaine,

1482 3133 417 98 LA PAIX.

1115 3273 1081 121 S'efforce de troubler les eaux de ma fontainne?

1462 1329 539 105 HISTOIRE
