3456 4677
1431 1290 675 132 DE PEPESVC.

2285 1293 71 164 7

1162 1403 967 105 Faſſe eternellement la campagne bouſſée,

1166 1477 1182 101 Qu’il ne ſe trouue place exempte des tombeaux,

1166 1543 1143 97 Que le ſang de vos corps faſſe rougir les eaux,

1162 1605 940 98 Et que voſtre fureur épande ſur la terre

1166 1675 1092 102 Les charbons allumeZ d'vne eternelle guerre,

1170 1742 1174 105 Qu'on n’y voye rien plus que le fer meurtriſſant,

1170 1804 1033 117 Et qu’il ſoit manié par voſtre bras puiſſant,

1162 1870 1010 106 Qu'on ne s’épargne point, & que la tuerie

1166 1933 944 101 Témoione les effets d'vne étrange furie:

1162 2003 1076 113 Commancés, commancés, & faites que le ſang

1162 2069 1143 109 Deſcende à gros boüillons de l’vn ã l’autre flanc:

1162 2139 979 102 Ie verray des Enfers ce funeſte carnage,

1158 2209 1178 106 Et ne me plaindray point d’auoir fait ce voyage.

1318 2276 827 97 SOLDAT FRANCOIS.

1162 2334 1127 105 Deuons-nous eſperer que le temps nous rameine

1162 2404 1108 105 L'exercice de Mars plain d'vne douce peine?

1158 2471 999 93 Sera-ce pas en vain que i'attendray le iour

1154 2541 1127 93 Qu'on doit chaſſer d’icy & la paix & l’amour?

1150 2607 1108 93 Vorray-ie encor vn coup aue l'ordre militaire

1154 2673 1092 94 Engendre le deſordre ainſi que i’ay veu faire?

1150 2736 991 93 Verray-ie de ce bruit, & de cette rumeur

1150 2806 1170 93 Sortir le doux nectar de ma boüillante humeur?

1150 2868 1178 101 Verrons-nous en nos mains nos lames degainées,

1158 2927 1030 101 Toutes teintes de ſang, au lieu des araignées

1158 3001 1131 97 Et noſtre corps couuert de quelque riche arnois,

1158 3063 1166 105 Au lieu d'vn long habit que portent les Bourgeois:

1154 3137 1006 86 C'eſt aſſés, c’eſt aſſés croupy dans la pareſſe

1166 3192 1065 113 D'vne paix languiſſante & plaine de moleſſe,

1158 3270 952 89 C’eſt aſſés ſommeillé, voicy venir le iour
