<?xml version="1.0" encoding="UTF-8"?>
<alto xmlns:xsi="http://www.w3.org/2001/XMLSchema-instance"
      xmlns="http://www.loc.gov/standards/alto/ns-v4#"
      xsi:schemaLocation="http://www.loc.gov/standards/alto/ns-v4# http://www.loc.gov/standards/alto/v4/alto-4-2.xsd">
  <Description>
    <MeasurementUnit>pixel</MeasurementUnit>
    <sourceImageInformation>
      <fileName>f22.jpg</fileName>
      
    </sourceImageInformation>
  </Description>
  
  <Tags>
    <OtherTag ID="BT2268" LABEL="TitlePageZone" DESCRIPTION="block type TitlePageZone"/><OtherTag ID="BT2267" LABEL="TableZone" DESCRIPTION="block type TableZone"/><OtherTag ID="BT2266" LABEL="StampZone" DESCRIPTION="block type StampZone"/><OtherTag ID="BT2265" LABEL="SealZone" DESCRIPTION="block type SealZone"/><OtherTag ID="BT2264" LABEL="RunningTitleZone" DESCRIPTION="block type RunningTitleZone"/><OtherTag ID="BT2263" LABEL="QuireMarksZone" DESCRIPTION="block type QuireMarksZone"/><OtherTag ID="BT2262" LABEL="NumberingZone" DESCRIPTION="block type NumberingZone"/><OtherTag ID="BT2261" LABEL="MusicZone" DESCRIPTION="block type MusicZone"/><OtherTag ID="BT2260" LABEL="MarginTextZone" DESCRIPTION="block type MarginTextZone"/><OtherTag ID="BT2259" LABEL="MainZone" DESCRIPTION="block type MainZone"/><OtherTag ID="BT2258" LABEL="GraphicZone" DESCRIPTION="block type GraphicZone"/><OtherTag ID="BT2257" LABEL="DropCapitalZone" DESCRIPTION="block type DropCapitalZone"/><OtherTag ID="BT2256" LABEL="DigitizationArtefactZone" DESCRIPTION="block type DigitizationArtefactZone"/><OtherTag ID="BT2255" LABEL="DamageZone" DESCRIPTION="block type DamageZone"/>
    <OtherTag ID="LT790" LABEL="DefaultLine" DESCRIPTION="line type DefaultLine"/><OtherTag ID="LT791" LABEL="DropCapitalLine" DESCRIPTION="line type DropCapitalLine"/><OtherTag ID="LT792" LABEL="HeadingLine" DESCRIPTION="line type HeadingLine"/><OtherTag ID="LT793" LABEL="InterlinearLine" DESCRIPTION="line type InterlinearLine"/><OtherTag ID="LT794" LABEL="MusicLine" DESCRIPTION="line type MusicLine"/>
  </Tags>
  
  <Layout>
    <Page WIDTH="1727"
          HEIGHT="2852"
          PHYSICAL_IMG_NR="3"
          ID="eSc_dummypage_">
      <PrintSpace HPOS="0"
                  VPOS="0"
                  WIDTH="1727"
                  HEIGHT="2852">
        
        <TextBlock HPOS="456"
                   VPOS="133"
                   WIDTH="1223"
                   HEIGHT="2231"
                   ID="eSc_textblock_dc9ed1f7"
                   TAGREFS="BT2259">
          <Shape><Polygon POINTS="1527 133 1612 152 1641 209 1679 1654 1662 2344 1401 2344 1401 2356 504 2364 456 190 542 152 1015 133"/></Shape>
          
          
          <TextLine ID="eSc_line_21683ee3"
                    TAGREFS="LT790"
                    BASELINE="459 244 1201 218 1515 216 1608 225" 
                    HPOS="456"
                    VPOS="133"
                    WIDTH="1152"
                    HEIGHT="137">
            <Shape><Polygon POINTS="1596 147 1574 142 1484 144 1470 133 1453 133 1429 133 1405 133 1398 133 1382 147 1327 133 1310 133 1294 133 1265 152 1234 133 1215 133 1187 152 1156 133 1153 133 1151 133 1148 133 1146 133 1144 133 1127 144 1113 133 1110 133 1108 133 1106 133 1022 135 1020 135 1018 135 980 159 920 149 918 149 689 168 623 147 620 147 613 147 492 168 478 178 456 187 459 244 459 270 670 268 673 268 675 268 708 249 751 256 754 256 756 256 804 242 1072 244 1075 244 1077 244 1108 230 1225 230 1275 247 1277 247 1279 247 1374 225 1405 242 1408 242 1410 242 1413 242 1462 230 1486 244 1489 244 1491 244 1493 244 1608 240 1608 225 1603 147 1596 147"/></Shape>
	    <String CONTENT="qu&#39;il y a vaincu l&#39;Enuie , la Rage,"
                    HPOS="456"
                    VPOS="133"
                    WIDTH="1152"
                    HEIGHT="137"></String>
          </TextLine>

          
          
          <TextLine ID="eSc_line_a6faa6d2"
                    TAGREFS="LT790"
                    BASELINE="468 354 1118 325 1619 318" 
                    HPOS="463"
                    VPOS="235"
                    WIDTH="1156"
                    HEIGHT="150">
            <Shape><Polygon POINTS="468 354 468 363 532 385 535 385 537 385 539 385 570 370 630 380 632 380 635 380 680 358 687 356 692 358 746 377 749 377 751 377 901 373 903 373 961 351 975 344 1096 344 1101 346 1118 361 1118 363 1120 363 1122 363 1125 366 1170 366 1170 363 1172 363 1175 363 1175 361 1191 344 1196 337 1282 337 1294 342 1322 354 1324 354 1327 354 1329 354 1370 339 1384 335 1389 339 1405 354 1408 354 1410 354 1413 356 1465 356 1465 354 1467 354 1470 354 1470 351 1484 337 1491 330 1617 332 1619 318 1612 251 1241 261 1208 235 1206 235 1203 235 1201 235 1198 235 1094 266 1030 251 1027 251 1025 251 996 266 951 263 922 244 920 244 918 244 915 244 913 244 911 244 880 266 861 249 861 247 858 247 856 247 853 247 792 259 549 256 547 256 544 256 542 256 518 275 494 268 492 268 490 268 487 268 485 268 485 270 463 287 468 354"/></Shape>
	    <String CONTENT="&amp; le Deſeſpour meſmes, ayant"
                    HPOS="463"
                    VPOS="235"
                    WIDTH="1156"
                    HEIGHT="150"></String>
          </TextLine>

          
          
          <TextLine ID="eSc_line_3bfb668c"
                    TAGREFS="LT790"
                    BASELINE="461 456 1619 420" 
                    HPOS="459"
                    VPOS="349"
                    WIDTH="1160"
                    HEIGHT="138">
            <Shape><Polygon POINTS="461 487 575 484 578 484 580 484 620 461 730 475 761 480 763 480 996 472 999 472 1001 472 1001 470 1013 461 1027 449 1094 456 1118 458 1120 458 1122 458 1132 453 1156 444 1201 451 1225 453 1227 453 1229 453 1253 449 1279 442 1294 446 1320 456 1322 456 1324 456 1327 456 1329 456 1346 444 1348 442 1348 444 1382 461 1384 461 1386 461 1439 458 1441 458 1443 458 1443 456 1465 437 1465 434 1470 437 1496 446 1498 446 1501 446 1619 427 1619 420 1615 356 1324 351 1322 351 1320 351 1317 351 1301 366 1298 368 1158 349 1148 370 1137 358 1134 358 1132 358 996 356 994 356 991 356 944 375 934 375 746 370 744 370 661 385 654 385 649 385 532 370 530 370 528 370 459 389 461 456"/></Shape>
	    <String CONTENT="fait treuuer le Port à ceux qui ne"
                    HPOS="459"
                    VPOS="349"
                    WIDTH="1160"
                    HEIGHT="138"></String>
          </TextLine>

          
          
          <TextLine ID="eSc_line_f2ac5ca5"
                    TAGREFS="LT790"
                    BASELINE="466 563 1037 537 1622 525" 
                    HPOS="461"
                    VPOS="434"
                    WIDTH="1161"
                    HEIGHT="153">
            <Shape><Polygon POINTS="466 563 466 575 478 587 480 587 482 587 485 587 827 577 977 553 982 551 1163 546 1234 546 1256 560 1258 560 1260 560 1263 560 1265 560 1267 560 1294 544 1296 544 1301 544 1541 549 1543 549 1622 532 1622 525 1617 458 1520 434 1517 434 1515 434 1512 434 1512 437 1486 463 1484 465 1410 465 1408 465 1353 439 1351 439 1348 439 1346 439 1344 439 1320 461 1256 468 1189 444 1187 444 1184 444 1182 444 1127 472 1044 449 1041 449 1039 449 1037 449 972 477 870 484 853 470 853 468 851 468 849 468 846 468 844 468 842 468 842 470 827 482 794 470 792 470 789 470 787 470 730 489 685 461 682 461 680 461 677 461 675 461 589 494 537 465 535 465 532 465 530 465 461 496 466 563"/></Shape>
	    <String CONTENT="cherchoient que les Ecueils. De"
                    HPOS="461"
                    VPOS="434"
                    WIDTH="1161"
                    HEIGHT="153"></String>
          </TextLine>

          
          
          <TextLine ID="eSc_line_8fd14d22"
                    TAGREFS="LT790"
                    BASELINE="471 667 1025 641 1627 627" 
                    HPOS="466"
                    VPOS="539"
                    WIDTH="1161"
                    HEIGHT="157">
            <Shape><Polygon POINTS="471 667 473 682 492 674 501 682 520 696 523 696 525 696 528 696 642 682 949 682 951 682 953 682 1018 660 1034 653 1384 644 1389 646 1429 665 1432 665 1434 665 1498 663 1627 634 1627 627 1619 565 1543 565 1505 539 1503 539 1501 539 1498 539 1496 539 1493 539 1453 570 1324 572 1239 549 1236 549 1234 549 1232 549 1229 549 1189 572 1087 553 1084 553 1039 556 1037 556 1034 556 1001 582 975 572 972 572 970 572 968 572 927 587 884 560 882 560 880 560 877 560 827 563 825 563 823 563 799 584 754 568 751 568 749 568 746 568 692 591 639 570 637 570 635 570 632 570 575 598 549 587 547 587 544 587 466 603 471 667"/></Shape>
	    <String CONTENT="vouloir en fin publier les naiſſan¬"
                    HPOS="466"
                    VPOS="539"
                    WIDTH="1161"
                    HEIGHT="157"></String>
          </TextLine>

          
          
          <TextLine ID="eSc_line_3e8e6d78"
                    TAGREFS="LT790"
                    BASELINE="471 772 1225 741 1627 736" 
                    HPOS="466"
                    VPOS="651"
                    WIDTH="1161"
                    HEIGHT="147">
            <Shape><Polygon POINTS="471 772 473 796 499 784 551 793 580 798 582 798 951 786 953 786 965 779 999 762 1089 760 1137 774 1144 777 1146 777 1148 777 1151 777 1153 777 1153 774 1156 774 1172 755 1296 753 1382 762 1384 762 1386 762 1410 751 1455 765 1467 767 1470 767 1472 767 1627 758 1627 736 1622 670 1515 651 1512 651 1510 651 1508 651 1474 674 1470 677 1446 677 1310 665 1308 665 1305 665 1270 682 1265 686 1203 686 1198 686 1132 665 1129 665 1127 665 994 693 989 696 970 696 953 696 922 672 920 672 918 672 915 672 813 674 811 674 808 674 808 677 806 677 794 693 718 696 706 686 706 684 704 684 701 684 699 684 611 693 608 693 606 693 606 696 592 708 506 691 504 691 501 691 499 691 466 708 471 772"/></Shape>
	    <String CONTENT="ter meruelles, mais toutes-fois"
                    HPOS="466"
                    VPOS="651"
                    WIDTH="1161"
                    HEIGHT="147"></String>
          </TextLine>

          
          
          <TextLine ID="eSc_line_5492312e"
                    TAGREFS="LT790"
                    BASELINE="473 874 1629 838" 
                    HPOS="468"
                    VPOS="753"
                    WIDTH="1161"
                    HEIGHT="147">
            <Shape><Polygon POINTS="473 874 475 900 525 888 539 898 539 900 542 900 544 900 547 900 699 896 701 896 704 896 706 893 725 879 739 891 742 893 744 893 746 893 749 893 818 891 820 891 827 888 858 872 963 881 1008 886 1010 886 1013 886 1015 886 1015 884 1020 879 1034 865 1113 865 1134 876 1139 879 1141 879 1144 879 1146 879 1148 879 1151 879 1156 874 1172 862 1227 872 1232 872 1234 872 1241 872 1303 860 1332 867 1353 874 1355 874 1358 874 1360 874 1386 865 1420 855 1627 855 1629 838 1622 777 1515 779 1508 779 1393 753 1391 753 1389 753 1348 772 1179 760 1177 760 1175 760 1172 760 1137 789 1132 791 1120 789 1060 779 1058 779 937 793 899 798 894 796 861 770 858 770 856 770 853 770 851 770 849 770 813 791 749 777 746 777 744 777 692 800 668 779 668 777 666 777 663 777 632 777 630 777 628 777 625 777 625 779 599 803 597 808 468 808 473 874"/></Shape>
	    <String CONTENT="prodifieuſes , que Monſeigneur"
                    HPOS="468"
                    VPOS="753"
                    WIDTH="1161"
                    HEIGHT="147"></String>
          </TextLine>

          
          
          <TextLine ID="eSc_line_f5864b8c"
                    TAGREFS="LT790"
                    BASELINE="480 979 1631 943" 
                    HPOS="475"
                    VPOS="857"
                    WIDTH="1156"
                    HEIGHT="143">
            <Shape><Polygon POINTS="480 979 480 991 628 1000 630 1000 632 1000 635 1000 656 986 663 981 670 986 694 998 696 998 699 998 785 995 856 979 875 974 889 976 934 991 937 991 939 991 1013 974 1030 969 1041 972 1087 986 1089 986 1091 986 1146 983 1148 983 1151 983 1170 967 1175 964 1191 967 1275 979 1277 979 1279 979 1282 979 1282 976 1296 962 1298 962 1305 962 1382 972 1384 972 1386 972 1389 972 1389 969 1401 960 1403 957 1434 957 1591 964 1593 964 1596 964 1631 950 1631 943 1624 881 1439 884 1401 857 1398 857 1396 857 1393 857 1351 860 1348 860 1346 860 1346 862 1317 886 1291 862 1289 862 1286 862 1284 862 1282 862 1279 862 1236 891 1179 865 1177 865 1175 865 1063 869 1060 869 1058 869 1058 872 1039 888 977 872 975 872 972 872 970 872 968 872 927 903 830 903 742 879 739 879 737 879 735 879 677 907 635 881 632 881 630 881 628 881 625 881 547 915 475 915 480 979"/></Shape>
	    <String CONTENT="voſtre frere eſtale ſur le Theatre"
                    HPOS="475"
                    VPOS="857"
                    WIDTH="1156"
                    HEIGHT="143"></String>
          </TextLine>

          
          
          <TextLine ID="eSc_line_37bef898"
                    TAGREFS="LT790"
                    BASELINE="478 1083 1634 1045" 
                    HPOS="473"
                    VPOS="962"
                    WIDTH="1161"
                    HEIGHT="152">
            <Shape><Polygon POINTS="478 1083 478 1095 528 1114 530 1114 532 1114 535 1114 537 1114 556 1100 658 1112 661 1112 663 1112 666 1112 696 1093 737 1109 739 1109 742 1109 813 1107 815 1107 818 1107 849 1088 937 1100 939 1100 942 1100 944 1100 944 1098 963 1081 963 1079 1010 1079 1013 1079 1065 1095 1068 1095 1070 1095 1072 1095 1125 1074 1129 1074 1191 1074 1198 1074 1229 1093 1232 1093 1234 1093 1236 1093 1348 1079 1415 1088 1417 1088 1420 1088 1491 1062 1496 1059 1631 1057 1634 1045 1627 981 1512 983 1510 983 1432 962 1429 962 1427 962 1424 962 1422 962 1422 964 1396 988 1393 988 1386 988 1215 969 1213 969 1210 969 1208 969 1208 972 1191 988 1182 981 1179 981 1177 981 1175 981 1172 981 1170 981 1153 991 1141 981 1141 979 1139 979 1137 979 1051 974 1049 974 1046 974 977 1002 972 1002 958 1002 808 991 806 991 804 991 761 1007 718 1007 694 986 692 986 689 986 687 986 597 991 594 991 592 991 592 993 580 1005 547 991 544 991 542 991 539 991 473 1014 478 1083"/></Shape>
	    <String CONTENT="de l&#39;Europe, où il fait le perſonna¬"
                    HPOS="473"
                    VPOS="962"
                    WIDTH="1161"
                    HEIGHT="152"></String>
          </TextLine>

          
          
          <TextLine ID="eSc_line_78776c17"
                    TAGREFS="LT790"
                    BASELINE="487 1185 1638 1155" 
                    HPOS="482"
                    VPOS="1069"
                    WIDTH="1156"
                    HEIGHT="145">
            <Shape><Polygon POINTS="487 1185 487 1214 661 1212 663 1212 666 1212 668 1209 687 1195 704 1207 706 1207 708 1207 711 1207 713 1207 716 1207 716 1204 727 1195 746 1204 749 1207 751 1207 754 1207 756 1207 758 1207 761 1207 763 1204 792 1183 911 1183 927 1197 934 1202 937 1202 939 1202 942 1204 1015 1204 1015 1202 1018 1202 1041 1190 1068 1178 1210 1183 1251 1183 1253 1183 1277 1181 1324 1171 1339 1176 1365 1188 1367 1188 1370 1188 1455 1171 1484 1166 1508 1169 1598 1178 1600 1178 1603 1178 1638 1162 1638 1155 1634 1088 1546 1069 1543 1069 1541 1069 1539 1069 1505 1090 1496 1098 1422 1098 1401 1095 1305 1076 1303 1076 1301 1076 1298 1076 1298 1079 1279 1098 1267 1098 1229 1102 1210 1100 1106 1081 1103 1081 984 1107 970 1109 961 1107 889 1088 887 1088 884 1088 882 1088 880 1088 880 1090 856 1112 853 1112 844 1112 666 1093 663 1093 661 1093 658 1093 628 1119 625 1121 482 1121 487 1185"/></Shape>
	    <String CONTENT="ge , d&#39;un des plus vaillans, des"
                    HPOS="482"
                    VPOS="1069"
                    WIDTH="1156"
                    HEIGHT="145"></String>
          </TextLine>

          
          
          <TextLine ID="eSc_line_3aed8ffd"
                    TAGREFS="LT790"
                    BASELINE="482 1292 1638 1257" 
                    HPOS="480"
                    VPOS="1171"
                    WIDTH="1158"
                    HEIGHT="152">
            <Shape><Polygon POINTS="482 1292 482 1323 587 1304 680 1319 711 1321 713 1321 944 1314 946 1314 980 1304 1022 1288 1132 1288 1148 1295 1170 1307 1172 1307 1175 1307 1177 1307 1179 1307 1201 1292 1203 1292 1229 1302 1232 1302 1234 1302 1236 1302 1239 1302 1239 1300 1248 1290 1258 1283 1291 1288 1329 1295 1332 1295 1405 1283 1439 1278 1458 1281 1529 1295 1531 1295 1534 1295 1536 1295 1562 1276 1565 1273 1638 1271 1638 1257 1634 1185 1612 1171 1610 1171 1608 1171 1558 1171 1555 1171 1553 1171 1505 1193 1327 1188 1324 1188 1322 1188 1286 1200 1251 1181 1248 1181 1246 1181 1127 1204 1099 1185 1096 1185 1094 1185 1091 1185 1089 1185 1041 1207 980 1190 977 1190 975 1190 865 1214 858 1214 853 1214 792 1202 789 1202 787 1202 749 1214 711 1197 708 1197 706 1197 704 1197 656 1219 656 1221 606 1221 604 1221 559 1202 556 1202 554 1202 551 1202 480 1223 482 1292"/></Shape>
	    <String CONTENT="plus ſages, &amp; des plus acomplis"
                    HPOS="480"
                    VPOS="1171"
                    WIDTH="1158"
                    HEIGHT="152"></String>
          </TextLine>

          
          
          <TextLine ID="eSc_line_ad945171"
                    TAGREFS="LT790"
                    BASELINE="492 1395 1641 1364" 
                    HPOS="487"
                    VPOS="1288"
                    WIDTH="1154"
                    HEIGHT="145">
            <Shape><Polygon POINTS="492 1395 492 1433 680 1416 706 1426 713 1428 716 1428 718 1428 720 1428 735 1423 775 1414 806 1421 832 1426 834 1426 1008 1411 1037 1409 1041 1409 1087 1418 1089 1418 1091 1418 1094 1418 1094 1416 1096 1416 1103 1406 1115 1390 1198 1390 1258 1390 1267 1397 1277 1404 1277 1406 1279 1406 1282 1406 1284 1406 1286 1406 1289 1406 1305 1395 1322 1385 1408 1385 1417 1390 1453 1409 1455 1409 1458 1409 1460 1409 1462 1409 1486 1387 1517 1402 1520 1402 1522 1402 1524 1402 1527 1402 1550 1383 1558 1380 1638 1380 1641 1364 1634 1300 1420 1311 1405 1302 1401 1300 1398 1300 1396 1300 1393 1300 1360 1304 1275 1316 1260 1304 1241 1288 1239 1288 1236 1288 1196 1288 1194 1288 1191 1288 1156 1302 1094 1292 1091 1292 1089 1292 1037 1309 1025 1314 1020 1309 1001 1295 999 1295 996 1295 994 1295 991 1295 925 1311 906 1316 894 1311 858 1297 856 1297 853 1297 851 1297 849 1297 832 1314 813 1328 725 1316 723 1316 720 1316 718 1316 618 1333 589 1319 568 1307 566 1307 563 1307 487 1319 492 1395"/></Shape>
	    <String CONTENT="Princes de ſon ſiecle , ce ſeroit"
                    HPOS="487"
                    VPOS="1288"
                    WIDTH="1154"
                    HEIGHT="145"></String>
          </TextLine>

          
          
          <TextLine ID="eSc_line_678da162"
                    TAGREFS="LT790"
                    BASELINE="490 1504 1641 1471" 
                    HPOS="487"
                    VPOS="1397"
                    WIDTH="1154"
                    HEIGHT="128">
            <Shape><Polygon POINTS="490 1504 490 1513 582 1525 585 1525 642 1511 656 1509 666 1511 701 1525 704 1525 706 1525 708 1525 711 1525 735 1511 742 1506 756 1509 813 1523 815 1523 953 1518 956 1518 958 1518 975 1506 984 1499 1039 1504 1137 1513 1139 1513 1141 1513 1144 1513 1144 1511 1146 1511 1153 1502 1156 1499 1170 1502 1225 1511 1227 1511 1229 1511 1272 1499 1315 1490 1367 1499 1393 1502 1396 1502 1422 1497 1477 1485 1491 1497 1493 1497 1496 1497 1498 1497 1501 1497 1508 1494 1560 1483 1636 1492 1641 1471 1634 1399 1351 1411 1346 1409 1327 1397 1324 1397 1322 1397 1320 1397 1248 1399 1246 1399 1194 1414 1184 1416 1177 1414 1151 1404 1148 1404 1146 1404 1144 1404 1108 1416 1094 1421 1058 1418 991 1414 989 1414 987 1414 984 1414 977 1421 972 1426 965 1421 949 1414 946 1414 944 1414 942 1414 920 1423 915 1426 915 1423 901 1411 901 1409 899 1409 896 1409 894 1409 892 1409 889 1409 868 1426 865 1428 751 1430 739 1430 649 1416 647 1416 644 1416 601 1435 599 1435 575 1426 573 1426 570 1426 487 1437 490 1504"/></Shape>
	    <String CONTENT="inutilement puis que ſes enuieux"
                    HPOS="487"
                    VPOS="1397"
                    WIDTH="1154"
                    HEIGHT="128"></String>
          </TextLine>

          
          
          <TextLine ID="eSc_line_06fce94b"
                    TAGREFS="LT790"
                    BASELINE="492 1609 1648 1575" 
                    HPOS="487"
                    VPOS="1490"
                    WIDTH="1161"
                    HEIGHT="138">
            <Shape><Polygon POINTS="492 1609 492 1628 958 1625 961 1625 963 1625 977 1613 989 1606 1106 1609 1170 1611 1172 1611 1232 1606 1315 1597 1341 1601 1396 1613 1398 1613 1401 1613 1460 1597 1484 1592 1646 1592 1648 1575 1646 1509 1619 1490 1617 1490 1615 1490 1565 1490 1562 1490 1560 1490 1558 1490 1529 1511 1424 1494 1422 1494 1420 1494 1417 1494 1384 1518 1298 1518 1236 1499 1234 1499 1232 1499 1229 1499 1184 1521 1075 1509 1072 1509 1070 1509 1068 1509 1041 1528 982 1528 951 1511 949 1511 946 1511 944 1511 899 1530 823 1511 820 1511 818 1511 815 1511 754 1530 656 1516 654 1516 651 1516 613 1535 487 1542 492 1609"/></Shape>
	    <String CONTENT="meſme ſont forcez d&#39;en eſtre les"
                    HPOS="487"
                    VPOS="1490"
                    WIDTH="1161"
                    HEIGHT="138"></String>
          </TextLine>

          
          
          <TextLine ID="eSc_line_6e41a303"
                    TAGREFS="LT790"
                    BASELINE="494 1713 1653 1675" 
                    HPOS="490"
                    VPOS="1592"
                    WIDTH="1163"
                    HEIGHT="152">
            <Shape><Polygon POINTS="494 1713 494 1727 547 1744 549 1744 551 1744 554 1744 594 1732 827 1737 830 1737 832 1737 863 1725 913 1734 915 1734 918 1734 920 1734 920 1732 939 1713 939 1711 942 1713 984 1732 987 1732 989 1732 991 1732 994 1732 994 1730 1018 1711 1022 1704 1146 1701 1160 1706 1213 1723 1215 1723 1217 1725 1289 1725 1289 1723 1291 1723 1294 1723 1329 1699 1334 1696 1365 1699 1443 1704 1446 1704 1653 1687 1653 1675 1648 1606 1593 1592 1591 1592 1589 1592 1586 1592 1584 1592 1584 1594 1565 1609 1555 1620 1489 1620 1453 1611 1410 1599 1408 1599 1405 1599 1403 1599 1377 1613 1348 1628 1210 1630 1184 1616 1167 1606 1165 1606 1163 1606 1160 1606 1089 1618 1058 1623 1037 1618 1001 1611 999 1611 996 1611 994 1611 994 1613 987 1620 975 1632 937 1623 934 1623 932 1623 930 1623 927 1623 901 1642 811 1642 754 1630 751 1630 675 1647 490 1630 494 1713"/></Shape>
	    <String CONTENT="trompetes, auſsi bien que les ad¬"
                    HPOS="490"
                    VPOS="1592"
                    WIDTH="1163"
                    HEIGHT="152"></String>
          </TextLine>

          
          
          <TextLine ID="eSc_line_3aa75273"
                    TAGREFS="LT790"
                    BASELINE="497 1818 1650 1780" 
                    HPOS="492"
                    VPOS="1706"
                    WIDTH="1158"
                    HEIGHT="135">
            <Shape><Polygon POINTS="497 1818 497 1841 834 1841 834 1839 837 1839 839 1839 856 1825 858 1825 861 1825 875 1837 877 1837 880 1837 882 1837 999 1834 1001 1834 1058 1818 1075 1813 1087 1815 1139 1830 1141 1830 1144 1830 1146 1830 1194 1811 1198 1808 1298 1806 1303 1806 1320 1820 1322 1820 1324 1820 1327 1820 1329 1820 1360 1803 1363 1803 1374 1803 1474 1813 1477 1813 1479 1813 1539 1799 1586 1813 1589 1813 1591 1813 1593 1813 1650 1792 1650 1780 1646 1720 1512 1706 1510 1706 1508 1706 1505 1706 1505 1708 1486 1725 1484 1725 1446 1713 1443 1713 1441 1713 1439 1713 1410 1727 1408 1730 1353 1730 1279 1730 1217 1715 1215 1715 1213 1715 1210 1715 1141 1737 1139 1737 1101 1727 1099 1727 1096 1727 1094 1727 1046 1739 927 1725 925 1725 922 1725 920 1725 892 1744 799 1730 796 1730 794 1730 792 1730 770 1746 518 1746 516 1746 513 1746 492 1756 497 1818"/></Shape>
	    <String CONTENT="mirateurs. Qui s&#39;eſtonnera donc"
                    HPOS="492"
                    VPOS="1706"
                    WIDTH="1158"
                    HEIGHT="135"></String>
          </TextLine>

          
          
          <TextLine ID="eSc_line_e88c47f2"
                    TAGREFS="LT790"
                    BASELINE="501 1922 1653 1882" 
                    HPOS="497"
                    VPOS="1801"
                    WIDTH="1156"
                    HEIGHT="150">
            <Shape><Polygon POINTS="501 1922 501 1936 516 1948 518 1948 520 1948 523 1948 525 1948 578 1932 630 1951 632 1951 635 1951 958 1939 961 1939 1044 1915 1099 1927 1101 1927 1103 1927 1153 1913 1170 1927 1170 1929 1172 1929 1175 1929 1177 1932 1227 1932 1227 1929 1229 1929 1284 1908 1346 1920 1348 1920 1586 1896 1591 1896 1610 1913 1610 1915 1612 1915 1615 1915 1617 1915 1619 1915 1622 1915 1653 1896 1653 1882 1648 1822 1584 1801 1581 1801 1579 1801 1577 1801 1512 1827 1510 1830 1360 1830 1308 1830 1289 1815 1289 1813 1286 1813 1284 1813 1241 1813 1239 1813 1236 1813 1234 1813 1234 1815 1213 1832 1208 1837 1191 1834 1108 1818 1106 1818 1027 1822 1025 1822 989 1837 968 1849 732 1853 685 1844 668 1841 666 1841 663 1841 654 1844 620 1856 604 1846 592 1837 589 1837 587 1837 585 1837 582 1837 580 1837 566 1846 547 1860 530 1846 523 1841 520 1841 518 1841 516 1841 513 1841 497 1846 501 1922"/></Shape>
	    <String CONTENT="maintenant, Monſeigneur ,du"
                    HPOS="497"
                    VPOS="1801"
                    WIDTH="1156"
                    HEIGHT="150"></String>
          </TextLine>

          
          
          <TextLine ID="eSc_line_d7573acb"
                    TAGREFS="LT790"
                    BASELINE="497 2032 1655 1991" 
                    HPOS="497"
                    VPOS="1910"
                    WIDTH="1158"
                    HEIGHT="157">
            <Shape><Polygon POINTS="497 2013 497 2032 497 2058 587 2053 599 2058 628 2067 630 2067 632 2067 635 2067 670 2053 701 2041 720 2051 735 2058 737 2058 739 2060 823 2060 823 2058 825 2058 827 2058 827 2055 837 2046 844 2039 856 2046 865 2053 868 2053 870 2053 873 2053 875 2053 913 2043 922 2041 927 2041 982 2053 984 2053 1144 2039 1172 2048 1175 2048 1177 2048 1179 2048 1229 2029 1246 2022 1265 2027 1291 2032 1294 2032 1346 2022 1382 2017 1405 2020 1517 2036 1520 2036 1522 2036 1524 2036 1524 2034 1548 2013 1550 2010 1653 2008 1655 1991 1650 1917 1531 1910 1529 1910 1527 1910 1524 1910 1524 1913 1522 1913 1515 1922 1505 1934 1467 1925 1453 1922 1451 1922 1448 1922 1441 1927 1420 1936 1401 1927 1389 1922 1386 1922 1384 1922 1382 1922 1367 1929 1351 1939 1341 1929 1327 1917 1324 1917 1322 1917 1320 1917 1317 1917 1272 1932 1246 1920 1244 1920 1241 1920 1175 1925 1172 1925 1170 1925 1170 1927 1156 1939 1148 1946 1134 1939 1118 1934 1115 1934 1113 1934 1110 1934 1108 1934 1108 1936 1106 1936 1103 1941 1096 1951 906 1955 896 1951 877 1934 875 1934 873 1934 834 1934 832 1934 830 1934 770 1955 758 1960 751 1958 701 1939 699 1939 696 1939 694 1939 692 1939 658 1960 578 1953 575 1953 504 1967 497 2013"/></Shape>
	    <String CONTENT="nombre de vos perfections, ſi le"
                    HPOS="497"
                    VPOS="1910"
                    WIDTH="1158"
                    HEIGHT="157"></String>
          </TextLine>

          
          
          <TextLine ID="eSc_line_69465d00"
                    TAGREFS="LT790"
                    BASELINE="516 2139 1655 2093" 
                    HPOS="511"
                    VPOS="2013"
                    WIDTH="1144"
                    HEIGHT="161">
            <Shape><Polygon POINTS="516 2139 518 2174 559 2155 592 2172 594 2172 597 2172 599 2172 628 2169 813 2153 851 2162 856 2162 858 2162 861 2162 863 2162 865 2162 865 2160 896 2136 942 2134 1094 2131 1122 2150 1125 2150 1127 2150 1129 2153 1175 2153 1175 2150 1177 2150 1182 2148 1234 2124 1277 2146 1279 2146 1282 2146 1284 2146 1353 2143 1355 2143 1358 2143 1358 2141 1391 2117 1534 2112 1584 2134 1586 2134 1589 2134 1591 2134 1655 2129 1655 2093 1648 2027 1558 2013 1555 2013 1553 2013 1550 2013 1550 2015 1534 2029 1527 2034 1503 2032 1417 2017 1415 2017 1413 2017 1365 2036 1348 2041 1291 2039 1232 2034 1229 2034 1227 2034 1213 2041 1203 2046 1196 2041 1177 2027 1175 2027 1172 2027 1170 2027 1167 2027 1132 2043 1118 2051 908 2058 899 2051 887 2041 884 2041 882 2041 880 2041 877 2041 842 2053 823 2058 806 2053 765 2043 763 2043 761 2043 758 2043 756 2043 756 2046 754 2046 746 2055 739 2067 668 2067 649 2060 628 2051 625 2051 623 2051 511 2062 516 2139"/></Shape>
	    <String CONTENT="Tige, dont vous ſortez, est celuy"
                    HPOS="511"
                    VPOS="2013"
                    WIDTH="1144"
                    HEIGHT="161"></String>
          </TextLine>

          
          
          <TextLine ID="eSc_line_014eff94"
                    TAGREFS="LT790"
                    BASELINE="506 2236 1662 2200" 
                    HPOS="501"
                    VPOS="2119"
                    WIDTH="1161"
                    HEIGHT="150">
            <Shape><Polygon POINTS="1650 2131 1558 2141 1541 2134 1505 2119 1503 2119 1501 2119 1498 2119 1448 2139 1436 2143 1429 2139 1410 2124 1408 2124 1405 2124 1363 2124 1360 2124 1358 2124 1355 2124 1332 2143 1324 2148 1313 2143 1286 2134 1284 2134 1282 2134 1279 2134 1277 2134 1263 2146 1256 2153 1191 2153 1184 2148 1153 2131 1151 2131 1148 2131 1146 2131 1144 2131 1144 2134 1125 2150 1122 2153 1118 2150 1077 2139 1075 2139 1072 2139 1070 2139 1068 2139 1044 2153 1037 2158 1032 2155 1003 2136 1001 2136 999 2136 996 2136 994 2136 942 2148 896 2139 894 2139 892 2139 889 2139 889 2141 870 2160 868 2162 858 2160 751 2143 749 2143 746 2143 744 2143 716 2167 713 2169 649 2172 608 2172 582 2172 535 2150 532 2150 530 2150 528 2150 525 2150 501 2165 506 2236 506 2262 542 2269 544 2269 547 2269 568 2260 599 2248 625 2257 647 2267 649 2267 651 2267 889 2262 892 2262 937 2245 975 2229 1072 2229 1091 2238 1103 2248 1106 2248 1108 2248 1110 2248 1113 2248 1115 2248 1129 2238 1146 2226 1191 2236 1227 2241 1229 2241 1379 2226 1420 2224 1424 2226 1443 2241 1446 2241 1448 2241 1451 2241 1453 2241 1486 2224 1491 2219 1493 2222 1498 2226 1498 2229 1501 2229 1503 2229 1505 2229 1508 2229 1527 2222 1543 2215 1660 2215 1662 2200 1658 2162 1650 2131"/></Shape>
	    <String CONTENT="la meſme de la Gloire. L&#39;aduonc"
                    HPOS="501"
                    VPOS="2119"
                    WIDTH="1161"
                    HEIGHT="150"></String>
          </TextLine>

          
          
          <TextLine ID="eSc_line_bb34d29b"
                    
                    BASELINE="520 2353 1648 2314" 
                    HPOS="513"
                    VPOS="2241"
                    WIDTH="1148"
                    HEIGHT="178">
            <Shape><Polygon POINTS="518 2390 618 2390 635 2395 711 2419 713 2419 716 2419 718 2419 763 2407 796 2417 799 2417 801 2417 804 2417 846 2395 863 2388 880 2395 896 2402 899 2402 901 2402 946 2395 1013 2386 1027 2395 1030 2395 1032 2395 1034 2395 1037 2395 1039 2395 1039 2393 1060 2374 1169 2353 1189 2357 1196 2358 1216 2360 1276 2350 1302 2353 1299 2344 1314 2344 1292 2335 1296 2344 1324 2345 1340 2353 1355 2328 1394 2345 1446 2352 1491 2349 1661 2328 1659 2262 1638 2241 513 2274 518 2352"/></Shape>
	    <String CONTENT="que vous estes chaſte; mais vous"
                    HPOS="513"
                    VPOS="2241"
                    WIDTH="1148"
                    HEIGHT="178"></String>
          </TextLine>

          
          
          <TextLine ID="eSc_line_7a2e7f89"
                    TAGREFS="LT790"
                    BASELINE="1577 2412 1667 2405" 
                    HPOS="1570"
                    VPOS="2338"
                    WIDTH="97"
                    HEIGHT="112">
            <Shape><Polygon POINTS="1577 2412 1579 2450 1667 2436 1667 2405 1658 2338 1570 2352 1577 2412"/></Shape>
	    <String CONTENT="en"
                    HPOS="1570"
                    VPOS="2338"
                    WIDTH="97"
                    HEIGHT="112"></String>
          </TextLine>

          
        </TextBlock>
        
        <TextBlock HPOS="1566"
                   VPOS="2366"
                   WIDTH="98"
                   HEIGHT="85"
                   ID="eSc_textblock_1da3ad6d"
                   >
          <Shape><Polygon POINTS="1566 2366 1566 2451 1664 2451 1664 2366"/></Shape>
          
        </TextBlock>
        
        <TextBlock HPOS="1566"
                   VPOS="2356"
                   WIDTH="110"
                   HEIGHT="95"
                   ID="eSc_textblock_9a014667"
                   TAGREFS="BT2263">
          <Shape><Polygon POINTS="1566 2366 1566 2451 1676 2432 1670 2356"/></Shape>
          
        </TextBlock>
        

        
      </PrintSpace>
    </Page>
  </Layout>
</alto>
