1718 2843
260 428 190 451 I

234 189 874 111 AV LECTEVR.

616 379 618 97 E ne ſuis pas d'hu¬

623 480 613 98 meur à t'entretenir

618 563 616 109 longtemps; Aprens

613 658 621 102 donc,ſi tu veux,que

616 748 618 116 la premiere penſée

620 836 612 106 de compoſer ce li¬

87 935 1145 105 ure , me vint à Tilly , comme vn

80 1018 1154 107 lieu, où les delices du monde ſont

82 1115 1147 119 enſeuelies. Ce n'et pas qu'on n'y viue

82 1213 1136 113 contant , mais les plaiſirs qu'on y

82 1307 1145 109 reçoit, & les douceurs qu'on y gou¬

78 1395 1147 114 te, ne ſentent pas la terre, quoy qu'el¬

78 1487 1151 112 le les produiſe; parce que les plantes

75 1580 1150 109 en ſont arrozées de la meſme liqueur

78 1672 1147 109 que la Vertu arroze ces fruictz. D'ail¬

75 1767 1152 109 leurs , la Pieté eſpure telement tout

73 1862 1145 111 l'air qu'on y reſpire, que les ames n'y

71 1952 1149 116 ſont iamais malades , & les corps n'y

73 2044 1156 114 meurent que de vielleſſe. Que ſi la

71 2134 1149 116 curioſité y guide tes pas,ſouuienne toy

73 2224 1159 149 de laiſſer tes paſſions au logis; car les

1021 2335 208 124 cœurs

644 2347 159 100 ** 5
