1718 2843
101 753 83 116 C

488 1734 770 80 ZEGERVS van HONTSVM

545 1800 708 97 chanoine & Penitentier d'Anuers

542 1862 446 116 & Censeur de Liures.

265 578 807 104 APPROBATION.

196 751 1026 71 E Tombeau des Delices , de l'inuention du

196 807 1026 93 sieur de la serre , Hiſtoriographe de France,

87 886 1145 78 ſera ſans doubte vn nouueau Mauzolee en Re¬

90 942 1144 79 nom; Car l'induſtrie en eſt ſi merueilleuſe, qu'on

90 1009 1144 76 le doibt mettre au rang de Merueilles du mon¬

92 1073 1144 78 de.L'en ay leu exactement le liure,où je n'ay rien

92 1139 1142 78 trouué qui ne ſoit conforme à la foy Catholi¬

97 1205 1142 88 que,Apoſtolique & Romaine. Ce qui m'oblige

97 1269 1144 79 d'en authoriſer l'impreſſion , d'en louer l'au¬

99 1333 1142 83 theur, & d'inciter vn chacun à faire ſon profit

99 1402 1137 81 d'vne ſi belle moiſſon de fruits de Pieté & d'E¬

99 1466 1149 88 loquence. Mon ſeing, ſeruira de caution à

101 1535 1147 97 toutes ces Veritez. Fait à Anuers ce .16. Iuillet

111 1603 130 107 .1630.
