1700 2843
301 161 626 106 des Plaiſirs de la Vue.

75 272 1117 114 couronnes, la mort en vn moment,

75 353 1119 127 les fit ſecher ſur ſa teſte , pour en par¬

73 447 1124 126 tager la poudre , & à l'Air,& au vent.

80 544 1119 121 Qui ozera donc ſe dire heureux, puis

75 632 1122 121 que la Nature ſi ſeconde, puis que le

73 720 1126 125 Mõde ſiagé, & puis que la Fortune ſi

78 817 1116 121 puiſſante,n'ont encore jamais peu fai¬

75 909 1124 112 re porter ce titre à vn ſeul des mor¬

75 999 1122 123 tels. Leſçay bien qu'Arpilaus , qu'¬

73 1092 1121 121 Eliogabale , & que Thimocles l'inſa¬

73 1184 1117 111 tiable, en ont voulu vſurper la ſouue¬

68 1276 1124 117 raineté; mais l'horreur de leurs treſ¬

73 1369 1100 114 pas nous force de les mettre au rang

68 1457 1119 111 des plus miſerables de la terre. Il eſt

66 1547 1121 125 impoſſible de ſeparer les racines des

66 1641 1128 124 miſeres , du tronc de nos corps, ſans

66 1729 1121 123 en deſtruire l'arbre; Car ce que nous

64 1826 1123 119 apelons en Philoſophie Accident in¬

59 1914 1126 118 ſeparable,n'eſt autre choſe,que la mi¬

56 2009 1127 125 ſere qui nous accompaigne iuſques

56 2101 1124 109 au cercueil. Alexandre Seuere a beau

54 2191 1126 123 faire parade de ſes felicitez , dans la ſa¬

49 2276 1129 159 le des nopces de ſa fille Cleopatra,

668 2395 171 111 A .2.

1109 2392 74 121 le

1138 201 56 97 3
