1700 2835
290 141 648 95 des Plaiſirs de la Vue.

61 250 1149 106 les grandeurs, & les infortunes, ſi tous

63 335 1145 113 les grands ſont malheureux,& moins

66 427 1139 102 encore des richeſſes , auec les mi¬

63 515 1145 115 ſeres ,puis que les plus riches ſont les

68 607 1133 101 plus miſerables. Rome a eu beau¬

66 704 1139 113 coup d'Empereurs, mais ce n'et que

73 800 1130 107 pour les empoiſonner,pour les etouf¬

63 885 1145 111 fer, pour les dechirer en pieces , ou

75 975 679 111 pour en balier les rues.

156 1063 1049 115 Cirus a eſté vn des plus grands Mo¬

66 1164 1142 107 narques du monde, & pour exprimer

63 1254 1147 111 ſes grandeurs, il faut neceſſairement

68 1348 1142 109 les comparer auec ſes infortunes ,ne

68 1441 1137 104 pouuant trouuer d'autre raport, ny

63 1528 1149 104 d'autre conuenance , qu'auec elles.

63 1615 1149 109 Creſus de meſmes a poſſedé des treſors

68 1712 1144 104 ſans nombre; Auſſy at'il reſſenti des

63 1800 1147 113 miſeres ſans exemple. Telement qu'il

61 1897 1142 115 faut aduouer que ce ſeroit vn prodige,

63 1991 1149 104 de voir vn grand heureux,ou vn riche

68 2081 1147 111 contant;parce que les grandeurs & les

63 2178 1149 99 felicitez , ſont naturelement contrai¬

61 2263 1154 130 res. Et pour les plaiſirs, ilz ne ſe peu¬

751 2367 152 118 A 3

1033 2369 182 104 uent,

1144 179 54 74 5
