1689 2835
352 103 620 104 des Plaiſirs de la vue.

1185 132 46 71 7

104 212 1137 116 me des Idoles de terre , ou de bouë,

106 302 1138 113 ſont adorées des mortels en qualité

108 396 1141 111 des Dieux Les vns ne ſacrifient qu'au

115 489 1134 111 plaiſir de l'amour ; mais leurs ames,

111 578 1140 114 auſſi bien que leurs corps, font vne

123 666 1128 120 partie du ſacrifice.Les autres à celuy de

108 758 1150 116 la cruauté, prenant autant de plaiſir à

118 855 1138 113 ſe venger de leurs ennemis, comme

115 944 1148 109 àen faire des nouueaux. Celuy-cy ne

115 1037 1143 115 iurera que par ſon Dieu Bachus , luy

120 1129 1140 101 dreſſant des autels dans ſon ventre,

120 1219 1145 115 où il immole tous les iours, les plus

127 1318 476 104 beaux de ſa vie.

229 1393 1041 123 Et celuy là, metant ſes richeſſes au

120 1490 1143 116 nombre de ſes plus grandes felicitez,

123 1582 1147 116 enuiera ſecrement l'Empire de Plu¬

123 1682 1149 106 ton ; Cela veut dire en bon Francois,

125 1769 1140 116 qu'il ne ſe ſouciera pas de ſe dampner,

127 1861 1155 118 pourueu qu'il meure riche ; N'eſt ce

132 1963 712 111 pas vne bele ambition?

236 2053 1050 106 On en voit beaucoup encore qui

123 2130 1166 123 cherchent leurs plaiſirs dans les ſscien¬

125 2227 1171 163 ces, s'imaginant d'eſtre ſages à l'egal

596 2343 158 109 A 4

1107 2319 177 145 qu'ils
