1689 2835
321 122 618 102 des Plaiſirs de la Vue.

78 222 1123 118 pretendent en Paradis , adjoutant les

70 316 1126 111 blaſphemes aux tromperies. Dailleurs

70 408 1134 116 quoy qu'ils facent ils ne peuuent

68 496 1121 120 iamais gaigner, puis qu'à la fin du ieu,

68 588 1128 116 il faut touſ-jours payer les chandeles.

68 685 1131 111 C'et adire, qu'il faut rendre contre iuſ¬

70 786 1129 99 ques à vn moment , de tout ce temps

66 867 1130 115 qu'on a ſi mal employé;& iugez,ſi les

66 961 1128 99 ſoings de cete neceſſité, valent la cen¬

66 1046 1130 118 tieſme partie de tout ce que les plus

63 1143 1133 113 heureux peuuent remporter de profit.

153 1233 1043 113 Nous en cognoitrons d'autres, qui

66 1327 1130 114 ne prendrõt plaiſir qu'à courre la po¬

61 1419 1140 107 ſte, de contree , en contree ; comme

61 1509 1138 111 s'ils pouuoient changer de lieu , en

61 1599 1128 116 changeant de place ;Car aprez tout,

56 1693 1136 114 de quelque coté qu'on tourne,ce n'et

59 1793 1135 104 qu'aler d'vn bout de la galerie à l'au¬

56 1878 1140 111 tre. Nous reſſemblons au papillon

56 1972 1140 109 qui vole autour de ſon flambeau mor¬

54 2062 1135 97 tuaire , ſans ſe pouuoir iamais arreter,

54 2152 1145 108 qu'au millieu de ſes flames. Ainſi vo¬

49 2249 1155 122 lons nous d'vn meſme eſſor, au tour

662 2348 144 132 A 5

1116 2341 76 106 de

1142 160 45 78 9
