1716 2852
513 142 95 86 48

879 133 406 95 Le Tombeau

506 228 1131 123 le croira qui voudra,je m'en remetz à

510 335 1061 102 l'experience, mais elle coute cher.

615 423 1024 104 De moy je vous diray franche¬

508 515 1136 112 ment, que j'ay eſté du nombre de ces

510 606 1137 116 bleſſez, de ces pris, de ces garrotez,de

510 703 1139 102 ces aſſubjetis , de ces charmez , & de

513 793 1136 100 ces enchantez; mais ma bleſſure ne

510 886 1137 112 fut pas de longue durée ; Car je rom¬

518 981 1131 107 pis bientoſt les filetz qui m'auoient

518 1074 1131 111 pris,les liens qui m'auoient garroté,&

518 1166 1126 112 les fers qui m'auoient aſſubjety,

520 1254 1129 117 j'eſmouſſay la pointe, & le trenchant,

515 1354 1136 107 des armes, qui m'auoient vaincu,auec

518 1433 1133 118 la force de la raiſon ; & ſe fut elle auſſi

522 1532 1129 122 qui maida à deſtruire les charmes qui

518 1625 1138 117 me tenoient enchanté , & deſpuis ce

522 1715 1132 124 temps là, ie fais la nique à toutes les

522 1811 1132 123 beautez du monde. Ce n'eſt pas, que

520 1903 1136 110 ie ne redoubte enore leur puiſſance,

527 2001 1127 116 puis que ie porte vn cœur de chair,

522 2084 1125 131 maus en les fuyant, ie triomphe touſ¬

525 2186 409 112 iours d'elles.

634 2269 1022 143 Ie ne ſcaurois m'amuſer à lire tou¬

1568 2371 90 91 tes
