1689 2828
351 143 611 106 des Plaiſirs de la Vue.

1155 167 59 113 53

108 254 1090 118 vous ne guerirez jamais de cete folie.

195 346 1036 108 Que ſont deuenues ces fameuſes

99 431 1132 125 beautez de l'antiquité ſi priſées en

96 520 1135 118 l'vn & l'autreſexce? Cete Helene de

96 622 1130 113 Grece , qui embraſa les murailles de

103 709 1123 120 Troye. Cete Lays Corinthiene , qui

91 801 1130 113 faiſoit autant d'idolatres qu'elle vou¬

87 895 1132 111 loit. Cete Semiramis , dont la maje¬

84 982 1135 123 ſté fut eſtimée digne de l'empire du

84 1076 1130 118 monde. Cete Didon , dont les apas

82 1171 1130 111 attitoient les vaiſſeaux & les flotes en¬

80 1263 1132 115 tieres , à ſon port de Cartage ; & cete

73 1352 1134 116 Lucreſſe, qui a occupé tous les plus

77 1444 1123 116 grands eſpritz à d'eſcrire ſes louanges?

70 1538 1133 106 Où ſont ces Paris , ces Narcices , ces

70 1623 1118 128 Adonis, ces Hypolites, ces Pyrames,

68 1718 1127 110 & ces Alexis, qui diſputoient la beau¬

63 1807 1135 120 té au Soleil. Tout cela a paru,& paſsé

58 1901 1135 116 comme vn eſclair,& à fuite, la foudre

58 1996 1126 117 du temps,qui conſome toutes choſes,

54 2090 736 92 a tout reduit en cendres.

122 2170 1064 120 Où ſont encore ces Prodiges d'in¬

49 2264 1139 142 duſtrie,& de rareté, qui apeloient de

707 2382 132 130 D 3

1045 2387 129 82 tous
