1716 2852
477 166 88 95 54

819 142 383 102 Le Tombeau

463 242 1129 114 tous cotez les mortels à leur admira¬

463 337 1143 107 tion ? Ces Pyramides monſtreuſes

465 434 1134 115 d'Egipte? Cete tour , tant renomée,

468 522 1145 112 batie par Ptolomee , en l'Ile de

470 610 1146 114 Paphos ? Ces murs de Babylone , ou

475 708 1145 111 trauailloient tous les jours trois cens

475 791 1145 121 mille hõmes? Ce Temple de Diane en

480 891 1143 119 Epheſe,ou s'employa jadis toute l'Aſie

480 981 1150 121 l'eſpace de vingt ans ? Ce Mauzole où

484 1074 1146 116 la Reine Arthemiſe, ne pouuant faire

487 1164 1143 124 reſuſciter ſon eſpoux, fit deſſain d'y e¬

489 1264 1143 119 terniſer ſa memoire? Ce grand & pro¬

494 1354 1143 117 digieux coloſſe du Soleil,qui a tant il¬

499 1445 1138 116 luſtré le port de Rhodes ? Ce ſimula¬

499 1537 1136 124 chre de Iupiter Olympien, fait d'iuoi¬

501 1628 1143 123 re, par l'inimitable Phidias ? On a veu

503 1727 1141 105 tout cela ſur le theatre du monde,

508 1820 1136 109 comme ,  d'ornemens de commedie,

510 1910 1139 126 mais deſlors que la farce a eſté jouée,

510 2015 607 107 tout s'eſt euanouy.

608 2100 1046 122 Choſe eſtrange ,le monde n'a pro¬

520 2191 1141 123 duit que ſept merueilles,& il n'en a

527 2283 1134 148 jamais peu conſeruer vne ſeule en ſon

1563 2393 95 92 en
