1937 2732
1034 120 43 48 2

284 163 996 64 Et qui ſçait ſi ſouvent charmer ma ſolitude

289 218 1007 73 Par les rares Treſors qu’a produit ſon étude.

287 270 904 69 Il eſt bien juſte auſſi qu'en ayant proſité

284 327 702 75 J'oſe le déclarer à la poſterité,

287 396 1130 72 Affin que luy diſant tout ce que mon cœur penſe,

287 446 943 73 Je donne des effets de ma reconnoiſſance.

353 507 1048 64 Vous me permettrez donc ô Paintre ingenieux

289 557 973 80 d’expofer icy bas vos Portraits à nos Yeux,

291 614 930 78 Et de faire un recit de ce divin Ouvrage,

291 678 1026 66 Ou la Foy ſe maintient avec tant d’avantage;

824 740 71 43 mes

293 728 835 73 Ou ſans diſpûte nous & freres Errans

300 797 1014 63 Pouvons nous accorder de tous nos differens,

291 851 1112 64 Ou la beauté de l'Art par de meveilleux charmes

287 903 1141 73 Peut-auſſi les combattre avec leurs propres Armes.

287 963 925 66 S'ils veulent avec nous agir de bonne foy

289 1019 918 76 Ce Synode étranger leur ſervira de Loy,

289 1074 1132 73 Ils n’ont qu’à conſulter tous les points qu’il décide

291 1138 1044 66 Pour ſecoüer le joug de l'Erreur qui les guide.

346 1204 941 59 Que vous exprimez bien l’énorme impieté

289 1256 791 73 Qui voulut s’oppoſer à la Divinité,

291 1313 950 65 Quand par un attentat ſi plain de calomnie

287 1366 847 68 Elle oza déchirer la grandeur infinie,

284 1420 1030 71 D'un Fils qui dans ſon Eſtre à ſon Pere eſt égal

280 1479 1032 69 Et qui Dieu comme luy ſçait le bien & le mal.

284 1539 1037 68 Quoy falloit-il Seigneur qu’une telle infolence

282 1600 1030 64 Aprés tant de bien-faits fût vôtre recompenſe!

287 1650 991 71 Vous quittez vôtre Pere & ſortez de ſon ſein

282 1709 802 69 Affin d’executer un étrange deſſein.

284 1766 930 71 Vous eſtes un Treſor une ſource feconde

284 1830 1021 66 Oui ſe vient épuiſer pour le Salut du Monde,

287 1880 1187 75 Vous venez vous faire Homme affin qu'étant mortel,

282 1937 898 73 Vous ſoyez icy-bas la victime & l’Autel.

346 2003 1132 66 C’eſt ce parfait amour qui parmy nous vous meine

280 2055 946 78 Pour redonner la vie à la nature humaine,

278 2124 875 57 Et cependant on voit une race d’Enfer

280 2178 900 64 qui veut vous abolir par le ſang & le fer.

278 2228 1303 82 MAIMBOURG vous en croyez tout ce qu’il en faut croire

278 2294 1137 76 C’eſt par vous que le Ciel nous en donne l’hiſtoire.

100 598 175 69 Methode

56 662 222 61 pour rame¬

63 712 189 75 ner ſans

61 778 212 66 diſpute les

75 830 193 76 proteſtans.

63 1033 208 64 Le Synode

63 1083 208 73 d 'Ordrecht

63 1286 210 64 L’Hiſtoire

63 1340 205 69 de l’Aria¬

66 1397 150 85 niſme.
