1936 2732
892 113 32 71 3

141 159 940 75 Il faſſoit maintenant avoir vôtre pinceau

141 229 1000 62 Pour montrer à nos yeux un ſi rate Tableau.

141 280 1084 77 Que la France eſt heureuſe & vôtre Compagnie?

145 339 934 70 De poſſeder en vous un ſi puiſſant Genie,

143 391 1025 71 Ouy! nôtre Egliſe méme a lieu de vous bénir

143 450 1029 78 Puiſqu'elle a tant de part dans vôtre ſouvenir,

145 509 884 69 Elle promet auſſi iuſqu’à l’afin des aages

150 566 1016 69 de vous recompenſer par ſes divins Suffrages.

152 637 1068 57 Comme elle eſt équitable avec tant de pouvoir,

150 683 868 68 Elle ne peut manquer à ce juſte devoir.

150 739 1038 69 Le reſpect qu'on luy rend par un culte fidelle,

152 810 1016 57 A pour ſa recompenſe une gloire immortelle.

209 856 945 63 Que la Religion où nous ſommes inſtruits

148 915 1022 63 Peut conter de Geans & de Monſtres détruits

150 969 877 66 Pour avoir attenté contre ſes privileges

150 1031 968 61 Et pour s'étre noircis d’horribles ſacrileges.

154 1083 1091 66 Vous le ſçavez MAIMBOURG vôtre fidelle ſoin

150 1138 936 70 En eſt l'irreprochable & l'illuſtre témoin.

152 1197 1034 64 Vous avez fait ſortir du profond des Tenébres

150 1261 1011 57 Ces grandes veritez pour les rendre celebres.

154 1309 1044 70 Vous remarquez les lieux & diſcernez le tems,

145 1366 891 70 Où le Ciel a lancé ſes foudres éclatans:

150 1425 1123 68 Pour montrer qu’il ſçait bien châtier les outrages,

152 1491 1027 59 Qu’on fait à ſes Eleûs en brizant leurs lmages.

152 1543 1255 68 MAIMBOURG où le plus loing qu'un mortel puiſſe aller

150 1595 945 69 S'il eſt aſſez heureux c'eſt de vous égaler.

150 1655 952 66 Peut-on afſez choiſir d'Eloges magnifiques

150 1712 950 79 De titres glorieux, de loüanges publiques

150 1768 1098 82 Pour figurer l’honneur que les plus beaux Eſprits,

150 1830 979 64 Doivent comme un tribut offrir à vos écrits.

150 1882 1148 71 Comme il ne ſort de vous que de parfaits Ouvrages

150 1948 1132 71 On leur doit rendre auſſi de ſolemnels hommages.

152 2003 970 73 Si quelqu’un aujourd’huy vouloit le refuſer

148 2067 947 57 Avec trop de juſtice on pourtoit l’accuſer

148 2117 995 66 D’étre envieux injuſte ennemy de ſoy-même

150 2178 1075 71 Ou ſtupide ou remply d’une ignorance extrême:

145 2233 882 64 Mais à dire le vray je ne puis conçevoir

150 2292 986 84 Que ſur aucun Eſprit l’envie ayt ce pouvoir

1626 812 207 91 l'Hiftoire

1633 871 221 82 des Icono¬

1633 931 159 88 claſtes.

1635 1980 219 62 Contre les

1633 2039 198 62 Partiſans

1633 2085 198 82 du Schiſ¬

1637 2146 89 78 me.
