1968 2747
1038 132 41 53 4

306 167 1135 73 A moins que d’approuver le Schiſme & l’impoſture

311 231 971 64 Qui reſpectent ſi peu les Loix de la nature.

311 297 969 62 On ne ſçauroit jamais en parler autrement,

313 345 986 71 Qui penſe le contraire eſt dans l’égarement.

313 414 995 59 On a peine à ſouffrir toutes les autres plumes

316 462 1198 78 Quand on jette les Yeux ſur vos charmans Volumes,

316 519 996 71 La conduite, le ſens & le diſcours ſans fard,

320 579 1079 66 Y paroiſſent toûjours des chef-d’œuvres de l’Art.

318 631 985 71 Vous-étes Eloquent, & poly tout enſemble,

313 691 1054 69 Et le Ciel en vous ſeul mille Treſors affemble.

313 748 947 66 On n'a qu à voir l'éclat de vos rares écrits

316 812 957 69 Pour eſtre convaincu de tout ce que je dis

320 865 875 68 Vôtre noble Pinceau par un bel artifice

323 927 879 64 Y paint au naturel les vertus & le vice

318 979 955 69 Et vous faites encor reconnoître tous ceux

327 1043 976 64 Que vous y figurez par cét Art merveilleux.

373 1096 1052 69 François peuples Guerriers conſiderez le Zéle,

323 1153 976 69 Qui porta vos Ayeuls fur la Plage infidelle.

327 1215 903 64 Vous avez intereſt à ces braves exploits

318 1279 1029 55 Ou leur valeur fut jointe à celle de nos Roys.

320 1330 1004 64 Il ne s’eſt rien paſsé dans ces differens luſtres

320 1387 1334 68 Dont MAIMBOURG n’ayt marqué les démarches Illuſtres,

320 1444 949 66 Les ruſes, les combats, la priſe des Citez

318 1503 958 67 Et tant de grands deſſeins ſi bien executez.

320 1565 1008 62 Ramaſſent dans un gros de ſi rares merveilles.

320 1616 1006 71 Que le recit cent fois en charme les oreilles,

320 1671 999 71 L œüil de ces beaux écrits ne ſe peut retirer,

320 1728 896 71 Il ne ſe laſſe point de voir & d’admirer,

325 1801 1065 55 Et comme il n’eût jamais un plus doux exercice

327 1849 1024 64 Il craint ne liſant plus que ſon-heur ne finiſſe,

325 1904 1237 69 Ce que MAIMBOURG nous dit, il nous le dit ſi bien,

325 1968 967 57 Qu’on deſire toûjours d’avoir ſon entretien.

325 2023 1198 64 Luy ſeul nous peut parler des ces grands Argonautes,

325 2076 1111 68 Dont moins ie parleray, moins je feray de fautes,

329 2133 901 80 Je n’en pourrois auſſi diſcourir aprés luy

327 2190 905 71 Si faiſant ce projet il n’étoit mon appuy.

327 2245 1107 71 Mais quelque noble effort que ma veine pût faire

329 2305 1100 78 Le party qu’il faut prendre eſt celuy de me taire,

98 1094 217 78 L'Hiſtoire

96 1160 212 64 des Croi¬

93 1215 145 80 ſades.
