1953 2738
842 139 41 41 5

132 164 898 77 Puiſque je ne ſçaurois en faire le détail

132 244 1149 54 Qu’avecque peu de gloire & beaucoup de travail:

191 292 1012 59 Miraculeux Eſprit, ſource de tant de graces

130 342 1199 75 Dont les plus beaux Eſprits doivent ſuivre les traces,

134 403 1049 64 Vous ne vous laſſez point d'expoſer à nos yeux

137 458 1009 78 Tout ce que l’Eloquence a de plus precieux.

137 515 1016 66 Vôtre dernier ouvrage eſt ſi remply d'adreſſe

137 570 1078 75 Qu’il exprime au naïf les malheurs de la Gréce,

137 638 1057 60 Et fait voir par ſon Schiſme à tous les Potentas

139 691 1035 64 Que le Schiſme eſt toûjours la peſte des Etats.

137 746 1016 75 Ainſi qu'une Vipere il ronge leurs entrailles,

139 803 930 68 Et leur cauſe à la fin de triſtes funerailles.

139 862 1030 66 Le démon qui produit ces laſches nouveautez

141 921 918 64 Les fait accompagner de mille cruautez,

137 976 995 64 Dans cette occaſion pour comble de Miſere

139 1031 977 68 Il arme bien ſouvent le Fils contre le Pere:

139 1088 904 73 Et la Femme qui voit fon Mary revolté,

139 1147 907 69 Ne ſe veût plus ſoûmettre à ſon autorité.

141 1202 969 71 Si le remede eſt ſoible, & ſi le mal s’obſtine

141 1261 859 69 La dviſion cauſe une guerre inteſtine.

141 1318 870 69 Et l'on voit arriver par ce déréglement

141 1387 964 57 Dans un état ſuperbe un fatal changement.

143 1435 992 66 La plus ſeure maxime en ayant la Puiſfance,

141 1489 1074 71 Eſt qu’il faut étoufer ce Monſtre en ſa naiſſance

141 1558 982 59 Et ne permettre pas qu’il repende un poiſon

143 1601 1090 73 Qui trouble en même-temps l'Eſprit & la raiſon.

143 1661 1063 68 Le mal le plus à craindre eſt celuy qui ſecache

143 1720 1051 68 Sous le maſque du bien par une fauſſe attache,

146 1775 1142 73 Comme ſes traits ſont doux il ſe rend le vain-cœur

146 1832 1055 75 De tous les mouvemens qui font agir le cœur,

148 1893 964 66 Cetre feinte douçeur, qu'emprunte l'héréſie

146 1948 925 68 Degenere bien-tôſt en rage en frenaiſie,

148 2014 952 60 Et ne déguife plus tous ſes deſſeins pervers

146 2058 984 73 Dans le déſir qu’Elle a d'infecter. L'Univers,

148 2117 1069 71 Mille exemples font voir que le Schiſme n’aſpire

150 2172 1122 77 Qu’à perdre s’il pouvoit, & l'un & l’autre Empire.

146 2240 1076 64 Les démons ont conduit ſa Nef iuſques au port

143 2295 1063 75 Par les Vents du Midy, du Levant & du Nort.

1626 702 201 69 l'Hiſtoire

1621 769 201 65 du Schiſ¬

1614 827 158 58 me des

1612 883 142 70 Grecs.
