2000 2762
1089 119 44 55 6

322 161 1088 76 Mais la diſcorde jointe au malheur qui l'accable,

322 223 1053 71 Rend ſon orgüeil confus & con ſort miſerable.

322 280 855 74 Ce qui fut autrefois un Etat Floriſſant

322 338 1002 73 Eſt aujourd'huy ſoûmis au perfide Croiſſant,

322 398 1081 66 Les Grecs ont vepu perir leurs Princes legitimes

322 458 945 71 Par la rebellion dont ils ſont les victimes,

322 515 901 67 Pour s’étre ſeparez du culte Souverain,

322 568 1058 71 Ils tombent ſous le joug d'un Tyran inhumain.

327 628 914 69 Et ces Peuples jadis ſi riches & ſi braves

322 683 1129 71 Ne ſont plus maintenant que de pauvres Eſclaves.

419 743 1062 69 Il n’appartient qu’à vous Lumiere de nos jours

414 800 1021 67 D'en faire voir aux Yeux l’agréable diſcours,

419 870 1083 57 Pour figurer les maux, l’horreur & les traverſes.

419 911 1101 76 Que le Schiſme a produit en des Plages diverſes

419 971 1030 71 Ou ſon bras fait ſentir la force des ſes coups:

419 1028 1004 72 Il faudra Grand Apêle avoir recours à vous.

414 1086 952 71 Il ſort de vôtre Plume une ſource féconde

412 1141 1048 74 Qui plaine de Treſors doit enichir le Monde,

412 1199 1180 76 Quand le bruit de ſon cours en tous lieux répendu:

412 1265 848 65 De chaque Nation ſera bien entendu.

410 1318 1004 65 Ces livres ſi fameux ſi remplis de Miſteres,

412 1387 1041 56 Seront par le ſecours des langues Etrangeres,

412 1433 1021 67 Connûs pour un Aymant qui ſe fait admirer,

412 1491 940 67 Dans le pouvoir qu’il a d'unir & d’attirer.

407 1555 947 69 Le ſuperbe Abyſſin & le grand Maſſagette

407 1611 963 69 Par les puiſſans efforts d’une flame ſecrette,

410 1664 942 66 Se verront éclaircir des doûtes importans

414 1721 1026 65 Ou leurs Efprirs déceûs ont eſté ſi long tems.

331 1779 938 66 L’Illuſtre de Bony ſçavant en toute choſe

331 1836 1026 67 Oui nous ravît encor par ſes Vers & ſa Proſe,

334 1894 1027 67 Parlant de vos écrits dit qu’ils ne peûvent pas

336 1951 1014 67 Avoit plus de brillant ny de plus doux appas.

334 2009 1060 62 Nous demeuront d'accord que vôtre Caractere

334 2062 1055 69 Par des traits délicas eſt d'inſtruire & de plaire,

338 2119 1109 79 Vous combattez l’Erreur, vous la pouſſez à bout,

336 2179 871 69 Et trouvez le ſecret de reüſſir par tout.

334 2237 1036 69 Le jour que vous donnez à toutes vos pensées,

331 2292 1097 87 Découvre en chaque lieu des beautez rameſſées,

112 1549 229 69 Le Grand

115 1608 173 65 Duc de

112 1664 217 69 Moſcovie.
