1931 2736
849 104 27 76 7

98 164 1054 73 Ou l'œüil peut voir toûjours briller également

95 225 996 71 l'Eloquence, I’Efprit, l’Art & le Jugement.

95 285 1210 72 Continüez GRARD-HOMME à faire des merveilles

98 341 1196 78 En nous donnant des fruits de vos fécondes veilles,

100 401 847 66 Le ſuc en nourira les Eſprits curieux

100 465 1038 63 Et la charmante odeur en ira juſqu’aux Cieux.

102 524 922 59 L’Eternel qui conduit les ſages déſtinées

100 574 993 66 Fera long-temps fleurir de ſi nobles années,

100 627 1123 75 Et comme il prend plaiſir à voir de ſi beaux jours

100 683 933 71 Il a de l'intereſt d'en prolonger le cours.

100 740 1096 71 C'eſt luy qui vous infpire, & ce feu qu'il allume

98 800 1134 75 Produit dans vôtre cœur l’Encens qui le parfume.

98 859 1102 73 Des preſens qu'il vous fait il vous ſçait ſi bon gré

104 923 1005 73 Qu’en les luy refaiſant il s’en trouve honoré.

595 1112 842 91 DU PERRON LE HAYER.

572 1823 487 71 A ALENC,ON,

200 1908 1265 89 Chez MARTIN DE LA MOTTE, & la Veuve

280 1976 1100 78 MALASSIS: Imprimeurs du Roy & du College.

572 2111 530 93 M. DC. LXXVII.
