2592 3508
611 128 998 105 2 Vn belelprit eſt digne de louange,

617 213 1030 114 » Et non celuy qui croppiſt en la fange

696 298 895 114 D'oiſiueté, deſdaignat le ſçauoir

693 394 1012 105 Et la vertu qui faict l'homme paroir:

696 482 883 93 Addonne toy à l'eſtude & ſcience

702 570 1076 108 Qui a l'honneur (ainſi que luy) t’auance,

696 675 1138 96 Tu auras part au doux fruict qu'Appollon

696 745 1012 114 Nous a donné & les ſeurs dHelicon,

702 836 959 119 Ne ſois oiſif, eſcris pour auoir gloire

696 935 1135 91 Comme ROVSEAV, nous en ferons memoire:

696 1014 971 114 Nous faiſons cas des eſpris vigilans

702 1110 1044 106 Qui n’ont perdu aux eſtudes leur temps

693 1204 1202 96 De ceulx qui font quelque honneste exercice

608 1286 1091 108 » Car du temps ſeul louable eſt l'auarice

1278 1414 196 85 E.R.

1287 1543 529 108 Ne enuiez treſor.

851 1786 837 84 A mes Amis & à mon Liure.

702 1903 140 134 M

833 1906 787 90 ON Liuret le Sourcil n’en hauſſe?

848 1973 661 82 Nos amis te font treuuer bon.

705 2034 725 88 Leur louange eſt la bonne ſauſſe

707 2098 573 97 De noſtre fade Potiron.

1263 2239 553 93 CONSTANTIA CEDO.
