2592 3508
697 654 1055 94 L'HERCVLE GVESPIN.

1249 800 61 91 A

754 871 1051 96 MONSIEVR D'ESCVRES.

915 982 679 85 Par SIMON ROVZEAV

1088 1052 313 82 D’Orleans.

529 1163 193 278 M

743 1172 1202 108 VSES qui autresfois m’auez ſerui de guide

743 1259 1184 97 Errant dãs le deſert des amours de DORIDE,

740 1344 997 117 Ie ne deſire plus vos celeſtes faueurs,

494 1432 1094 108 Ie ne reſpire plus ſes trop aigres douceurs

491 1520 1270 111 Belles, ie ne veux plus ſrequenter voſtre eſcole,

494 1601 1091 114 I'y ay perdu le temps de ma ieuneſſe folle.

494 1689 1161 111 Filles de Iupiter, en nombre troys foys troys,

491 1774 1185 117 Vous eſtes de l'eſtoc & de l'humeur des Roys,

491 1865 1223 117 Vous & les Roys tiréz du Ciel vostre origine,

491 1949 1103 117 Les Muſes, & les Roys ſont de race diuine:

491 2052 1065 102 Comme de Iupiter vous eſtes les enfans,

494 2131 1325 102 Enſans du hault tonnant ſont les Roys triomphans.

585 2215 1138 114 Les Roys font aſſiſter leurs amis à leur table

1907 108 47 73 1

1439 2324 82 116 A.
