2592 3508
517 187 1337 114 Quelques,Liures, des Lutz, la Lyre, vne Muſette,

517 271 1188 117 Qui demonſtrent aſſez que chez vous ont eſté

509 368 1179 93 Pour touſiours y loger trauail & pauureté.

511 456 937 99 Ie reconnoi cela de certaine ſcience,

511 537 1159 109 Non pour en auoir faict en moy l'experience:

509 628 1149 102 Et tout voſtre labeur,ô Muſes, ne produict

517 716 1413 105 Qu'vn laurier porte-Baye, &l vn myrte ſans fruict.

608 806 1185 100 Sy vous auies d’or fin les temples couronnées

503 909 1205 87 Comme vous les portez de Myrtes entournées,

506 979 1094 108 Si vous auiez le col chargé de Diamantz,

506 1072 1354 94 Les Princes & let Roys deuiendroient vos amantz.

509 1160 1287 91 Si vous auiez du fondz comme vrout eſſes belles,

509 1248 1211 111 Tous ne vieilliriez pas ſi longuement pucelles,

509 1333 1187 102 Eſtant voſtre Palais ſur la voute des Cieux,

511 1426 1326 85 Vous auriez pour époux det plus braues des Dieux

511 1505 1057 105 Retirés vous d’icy, car on fuit & deteſte

511 1596 1174 105 Voſtre pauure vertu tous ainſi que la peste:

509 1677 1217 109 Vous ne ſcauriez nourrir vn chetif enfançon,

511 1768 1209 111 Tout voſtre reuenu n'eſt rien qu’vne chanſon,

517 1850 1150 120 Qui demeure a la fin au banc pour la priſée,

514 1938 1133 117 Du vulgaire ignorant la fable & la riſée.

552 2025 1372 129 Eſcartez vous de moy, Nymphes aux beaux cheueux,

517 2134 1132 90 Voſtre criſtal coulant entonner ie ne veux,

517 2201 1018 120 Le Cabalin canal, la fameuſe fontaine,

1895 116 47 94 3

1562 2313 126 87 A.ii.
