2592 3508
511 175 1452 108 MONSIEVR DESOEPES CONSEILEER.

611 268 1275 112 du ROT, Mareſchal General des Fogur de ſe¬

652 362 1188 94 Armées. Commiſſaire ordinaire des Guerres

772 450 962 87 &8 Intendanr des Turcie: & reuées

1009 537 500 97 de royre zy cher

516 726 481 478 M

1015 689 400 88 ONSIEVR,

1018 760 939 84 Noſre tout eſtant compoſé de deux

1003 833 951 93 parties, de l’intellect, inuiſible & ſpi¬

1009 920 942 71 rituel & du corps palpable & ſenſible:

1015 982 933 87 la volonté qui deriue de l’intellect,

1018 1049 936 85 ne ſe peult manifeſter ou faire paroi¬

1006 1134 936 70 ſtre que par le moyen de ſa ſeconde

497 1189 1454 94 partie, qui eſt le Corps; & parſes actions viſibles & ſenſi¬

503 1265 1448 85 bles. Ainſi les Citoyens de cette Belle, Fertile, Forte &

503 1341 1451 82 Fidelle Cité d’Orleans, repreſentez par douze Patrices

497 1409 1454 81 d'icelle portant & ayant charge de toute ceſte Illuſ¬

503 1490 1445 76 tre Cité, de rendre teſmoignage de la bonne affection

503 1552 1445 82 qu’ils ont en l’Ame, de gratifier & honorer tous ceux

497 1619 1451 82 à qui ilz le doiuẽt & qui le meritent. Et pour faire paroiſ¬

500 1686 1442 94 tre auec demonſtratiõ & effect, leur affection Cordialle,

500 1762 1448 82 apres toutes les Ciuilitez & honneſtes ſubmiſſions pre¬

497 1830 1454 84 mmiſes leur oſtent & preſentent ce quils ont eſiment

500 1914 1445 70 && iugent eſtre le plus honneſte vtille excellent & preci¬

503 1973 1439 87 eux quieſt de noſtre bon vin d’orleans. Et la prastique

500 2058 1442 73 een eſt ſi cõmune que quand nous voyons marcher quel¬

500 2116 1442 88 ques vns d’iceuxen nombre ſuiuis dé leurs offciens, re¬

500 2201 1436 76 beftus de leurs miſtiques Hoquetons, leurs mains char¬

903 93 618 88 A MONSIEVR,

1474 2291 123 88 ã.ii.
