2592 3508
628 105 88 90 18

626 187 1296 93 Le Maſle eſt le vin Blanc le Clair et la Famelle:

634 283 1089 85 Cette question cy la vuide qui voudra

634 365 1217 105 Vn Docteur en bon vin peult eſtre la vuidra

634 456 1042 108 Ie ne veux pas icy ſoudre cette diſpute,

631 540 1378 108 Le Blanc n’eſt pas mon Blanc n’y le Clairet ma butte.

722 631 1322 111 Du vray champ de Bachus, * dont le rang est icy

637 719 1437 105 Combleux, Sainct Iehan de Brayes, Marigni & Checy

637 809 1390 94 De Semoy les bons vins, tous il vous conuient taire

640 897 1340 102 Et faire honneur au vin voiſin de ſainct Hilaire.

643 982 1185 105 Sur tout de l'odorãt & doux coulãt Muſcat,

640 1072 1176 106 Estant plus fort qu’eux tous, friãt & delicat

637 1163 1179 91 Le Bon champ de l'Ecot,la belle Maumenée,

646 1248 1065 96 Entreront au balet de la Blanche vinée:

646 1335 1065 106 Suiuis des Genetins du bocageux Louri,

649 1426 1123 88 Et des rous Fromentés du Iardinier fleuri.

769 1508 1123 111 Le ſouuenir plaiſant d’vne pleine bouteiſle

652 1599 1240 108 A qui nous auons faict ſouuent pancher l’oreille,

655 1686 1079 94 M’inuite de donner a ce Flaiſçon l'aſſault

652 1771 1147 108 Et d’ardeur d'y donner le Foye me treſſault.

655 1865 1182 105 Auant que l’atacquer fault faire les aproches

661 1952 1328 97 Au bon Deca-Meron quoy qu’il vienne des Roches

661 2040 1190 94 Roches dont le bon vin illuſtre autant le non

667 2125 1149 114 Que la ſource qui ſort des roches D’Helicon.

669 2215 1118 132 Mais qui eſt celuy la qui demeure derriere

1848 1034 240 76 Rebrechiẽ

1834 1096 254 58 eſt dict en

1854 1145 237 62 Latin Area¬

1837 1192 228 67 bachi qui

1860 1245 217 61 veult dire

1854 1295 226 70 Champ de

1851 1344 191 62 Bacchus.
