2592 3508
494 210 1191 88 Pouuant entre nos vins paßer vne carriere,

491 286 1284 114 C’eſt Celliers riche honneur, du terroir Ingregeois

497 382 1433 100 Dont le hon vin faict honte au meilleur vin Gregeois.

593 467 1135 97 Te lairray-ie en oubli d'Eſtuué la Fonteine

494 558 1199 90 Fonteine que Merlin dict de merueilles pleine

506 648 1275 109 Qui ſourdement bruyante en ton profond Canal

503 745 1053 88 Semble nous menacer de te couler aual,

503 830 1059 90 Pour cruelle noyer ce terroir tant ſertile

500 909 1114 102 Et les ſuperbes Tours de noſtre belle ville

500 999 1267 117 Et ingratte engloutir & la tumbe & l'honneur

500 1096 1094 108 De ce Docte Maſſac ton antien Seigneur,

503 1181 1354 99 A qui noſtre doux air & nostre humeur Gueſpine

503 1274 1243 108 Fit changer ſon Clairac en ta ſource Argentine:

509 1368 1176 99 Heureux s’il euſt pluſtost reconnu ta vertu,

503 1444 1050 108 Cloton ne l'euſt ſi toſt de ſon dart abatu,

511 1528 1273 114 Qu’il n’euſt rendu l'honneur de ſa ſanté premiere

506 1619 1132 94 Au Criſtal de ton eau, de plus riche miniere

511 1707 1267 108 Que Pougues Niuernois, qu’il a viuant chanté

509 1797 1202 91 Par vn vers qu’il auoit en ta ſource enfanté,

514 1885 1089 114 Or grand Maſſac repoſe en la pleine Eliſée

514 1976 1095 90 De Lauriers Couronné par ta Bande priſée

514 2060 1226 94 Pendant que ie repan au tour de ton Tumbeau

517 2154 1258 102 Du meilleur vin qui croiſſe au riues de ton eau

511 2239 1133 125 Eſmaillée de fleurs, toute pleine vne coupe,

1837 131 79 97 19

1448 2356 102 79 C.ii.
