2592 3508
669 175 1054 105 Et malgré Lacheſis m’allongera la vie.

667 263 1026 111 Et le filet coupé, du ciſeau de la Mort,

672 359 1133 91 Peut estre renoué par ſon pouuoir plus fort.

725 444 1252 111 Cà donne m’en Garçon vne grand' Taſſe pleine,

664 540 1313 106 Tant qu’on en peult tirer ſans reprendre l’haleine.

661 628 1208 102 Ie ſens ia ſa vertu qui m’eschausfe au dedans

661 730 1170 91 Qui noye mes ennuis & mes ſoucis mordans.

655 795 1249 111 O qu’il est frais & bon ô que mon Foye eſt aize,

658 894 1141 108 Cela coule pluſtoſt que ne faict-vne Fraize:

652 996 1346 79 Ne voy tu pas mon front, que cette douce humeur

652 1069 1155 106 A peint du vermeillon de ſa vifue couleur.

649 1157 1156 108 Ie ne ſens pas ma ſoif pour ce coup estanchée,

652 1248 1199 90 Allons en quelque lieu couchez ſur la Ionchée.

649 1338 1082 103 Reſjouir nos eſprits,reueiller noſtre cœur:

649 1420 1176 91 Aualant à longs traictz cette douce liqueur.

649 1505 1135 108 Sa celeſte vertu plus ſouefue que le Baſme,

649 1601 1185 94 Peut diuine animer vn Eſprit qui ſe Paſme.

734 1689 1217 94 Donnons encor' vn coup la charge à ce Flaſcon:

649 1762 1275 120 Tant plus j’en boy ſouuent, plus il me ſemble bon.

655 1853 1176 111 Quand ie voy ce Rubis, petiller dans la taſſe

649 1944 1404 116 Dõt l'odeur porte au nez, plus loing que'vn pié d’eſpace:

649 2034 1261 97 Le Miel & l'Hipocras n’eſt comme luy coulant:

652 2125 1258 93 La Manne, n’est au gouſt ſi douce en l'aualant.

722 2210 1369 108 Allons donq mon Hubert allons chercher l’vmbrage

672 128 106 59 24

1767 2297 318 126 Des Aulnes
