2592 3508
500 152 1345 93 Des Aulnes tramblotantZ & leur eſpais feuillage.

503 239 1120 114 Pour y boire plus frais a plaiſir attendant

509 330 1331 108 Que Phœbus esteindra ſon Flambe au plus ardant

503 420 1334 117 L’air des Champs eſt plus gay que celuy de la Ville

509 514 1158 99 Ayons nostre Lettier & noſtre cher Baſille.

509 605 1260 102 Nous enuoyons deuant, pour ſeruir de Brandon

511 692 1133 94 Vne pleine bouteille auec vn gros Iambon.

509 780 1149 97 Reſerué pour ce faict, dedans ma Cheminée:

511 865 1320 117 Et d’vn gras Bœf Breton la Langue Parfumée.

514 964 937 91 Il les fault enuoyer porter a Oliuet,

514 1046 1089 97 Sur le riuage herbu du Criſtallin Loyret.

514 1137 1185 111 Qu a trois pas de la, treſ-legere est la courſe:

517 1224 1328 109 La mettrons rafreſchir dans t’Argent de la Source,

517 1315 1320 99 Source de treſ-bonne eau, Source de treſ-bon-vin,

517 1400 1235 93 D' Auuernat pour le ſoir, de Muſcat au matin.

520 1476 1416 117 Puis ſur l'Eſmail des Fleurs, de l'herbe freſche & tẽdre

517 1572 1241 97 Nous irons nostre corps & le Iambon eſtendre.

611 1660 1354 108 Les pas de vos deſirs ſuiuront vos beaux diſcours,

520 1754 1255 90 Let miens ſeront du vin mes nouuelles Amours.

520 1844 1226 100 Ie vous inuiteray, l'vn apres l’autre a boire:

526 1926 1375 111 Aux Nimphes de Loyret, & aux Nimphes de Loyre.

526 2020 1202 90 Et au doux ſouuenir d'vn baiſer amoureux,

529 2107 1343 97 Qui me ſembloit vn temps comme vin ſauoureux:

526 2192 1346 117 Vn tel ſoing maintenant la Nuict plus ne m’eſueille:

1872 81 82 109 25

1591 2291 79 82 D
