2592 3508
497 198 1226 94 Si ie voulois chanter DORIDE la Brunette.

500 289 1073 102 Ie ne m’amuſerois a ces fantaſques eaux:

500 377 1419 93 Ie m’areſtroys plustoſt aux meilleurs vins nouueaux.

596 464 1270 91 Ie voudrois ſeulement de cette vnde Pourprine

497 552 1281 108 Boyre Neuf foys de rang & puis de ma Ciprine.

497 637 1033 114 Piller vn baiſer ſeul,ſi faire le pouuois,

494 727 995 103 Ie ferois lors ouïr ma Poëtique voix.

503 821 1231 105 L’on n’orroit que ſon nom, redire a ma Muſette

500 909 1176 105 Et toy bon vin auſſi:Rien plus ie ne ſouhaitte

506 993 1225 94 Que du Guerrier Bacchus ſuiure les Eſtendars:

500 1084 1269 91 Et quitter tout ceux la du Mollet Filz de Mars.

620 1172 1070 108 O bon vin ô combien ton eſſence m’agrée:

497 1259 1088 109 Ce fut par ton moyen que la Belle Medée,

494 1350 1188 105 Et non autre, changea pour l’Amour de laſon,

500 1449 1038 88 En ieune Louuenceau ſon Pere ja griſon.

497 1520 1109 111 Il n’y a Restaurent, il ’y a Quint' eſſence

509 1610 1278 94 Qui ait tant de vertu, qui ait tant de puiſſance,

500 1698 1267 108 De r’ajeunir vn corps, vieil, debile & malſain,

506 1792 1179 87 Comme toy de not maux l’excelent Medecin.

497 1879 1126 103 Les Bauſmes odorans, que porte l’Armenie,

503 1961 1252 97 La Chine & le Mouluq' ne font tel' Harmonie,

497 2052 1179 111 En nos corps & ne ſont ſi plaiſans au gouſter,

500 2136 1185 94 Si tous les Dieux des Grecz aueques Iupiter

497 2221 1296 123 Lors qu'ilz Banquetoient tous, a la Celeſte Table,

1851 131 91 94 27

1448 2353 140 64 D.ii.
