2592 3508
646 93 1448 91 gez de Mainſines de groſſes Bouteilles & de leurs grãdes

652 163 1442 88 Tierces ventrues, ſur leſquelles ſont arborées les Armes

649 228 1454 96 dela Ville, Nous tenons lors pour çertain y eſtre arriué

649 312 1451 94 ou bien vn Prince, ou vn grand Seigneur, ou quel¬

652 377 1454 93 que homme de qualité, de marque & d’honneur puis

649 453 1448 90 que l’on faict cet honneſte preſent. L’excellence duquel

646 514 1460 96 il n’eſt icy beſoin de toucher; car il eſt impoffible de pou¬

646 587 1451 94 uoir aſſez dignement loüer & bien dire d’vne choſe a la¬

646 666 1448 99 quelle l’imaginatiõ,ny la Ratiocinatiõ peut atteindre.

649 739 1445 85 Car combien de Doctes plumes ſe ſont trempées dans

649 812 1442 85 cette douce liqueur? Outre l’experience que nous en fai¬

649 885 1442 82 ſons iournellement, auec ce que la Raiſon pous en ap¬

652 961 1439 76 prend. Argument que i’ay pris pour chanter le ton ou

649 1029 1445 81 ma voix a peu monter:qui difficillement pourra conten¬

652 1099 1436 93 ter vn general, n’ayant peu me ſatisfaire en particulier,

649 1157 1439 94 attendu la grandeur de mon deſſein & la debilité de mes

649 1230 1442 94 forces. Cela n'a empeſché Monſieur que ſtimulé de

649 1312 1445 85 deux affections, l'vne de l’Amour de ma Patrie qui eſt

646 1385 1445 82 auſſi la voſtre, l’autre de l’Amour que vous luy portez.

649 1447 1445 87 Et voyant le luſtre, l’embelliſſement l'honneur & l'en¬

652 1528 1439 85 richiſſement qu’elle reçoit de vous, & par vous ie n’ay

652 1596 1448 81 treuué vn plus digne moyen de l'honorer qu’en vous

652 1657 1448 91 honorant, qui l'honorés iournellement: Et pour faire

652 1742 1445 79 paroiſtre l’affection que i’ay imprimée en l’Ame: de vous

649 1812 1448 79 honorer & ſeruir, qui ne ſe peult recongnoiſtre que par

652 1876 1448 82 les effects exterieurs j’ay voulu,a l’imitation de nos Patri¬

658 1955 1442 76 ces, entre leſquelz vous auez tenu & tenez l’vn des pre¬

661 2025 1436 76 miers rangs; vous preſenter (ce que auec tout honneur

658 2093 1439 81 je vous preſente.) Le Vin d’Orleans du creu de ma vigne

664 2172 1430 93 & de la voſtre, ie m’aſſure que le gouſt ne vous en ſera
