2592 3508
655 178 1290 108 Qui faict de l’Auuernat, ſeulement en peinture.

646 271 1240 103 Bien que ce ſoit vin Blanc, qui tel ſera connu

655 365 1255 88 Oſtant ſon noir Manteau, on le verra tout nu.

737 453 1164 87 Oſtés ces Teinturiers, ne leur donnés l’entrée,

643 534 1103 100 R'enuoyés les la bas en leur noire centrée.

646 631 1258 102 Car ſi vous ne caſſez, aux gages tous ces Teins.

646 716 995 93 Hercule couroucé, fera par ſec deſtins

655 809 1164 100 Que dedans peu de temps l’on verra ruinée,

646 894 1044 91 La Gloire d’Orleans en ſa bonne vinée.

649 985 1243 99 Qu'vn vin Forain ne ſoit en Gueſpin reueſtu,

652 1075 1164 97 Qui en porte l’Habit, & non pas ſa Vertu.

646 1163 1355 105 Soubz telz abus couuertz, noſtre vin l’on meſpriſe

649 1251 1261 90 Vin dont la bonté eſt ſur tous les vins exquiſe:

751 1338 1197 103 Mon Hercule Gueſpin en faueur de Bacchus:

649 1426 1284 91 Tous ces Monſtres nouueaux refoulera veincus.

649 1511 1185 96 Vn tant excellant vin,des plus rares l'eſlite

652 1607 1284 88 Comme ſans Parangon: ſur tous le vins merite,

652 1686 1237 111 D’eſtre conſerué ſeul: Pour la Bouche des Roys,

655 1780 1150 108 Et auſſi pour ceux la qui d'vne douce vois

658 1865 1378 99 Scauront mieux exprimer,ſur l’vne & l'autre Lire

661 1961 1144 91 Le plaiſir amoureux ou ſi hon vin m'attire,

661 2046 1284 93 Et qui mieux ſonneront d’vn pouce fredonneur,

664 2134 1363 102 D’ESCVRES vos Vertus nourriſſes de l’honneur.

760 2218 1328 120 Puis qu'vn tel ſouuenir, ſi doucement m’enchante

658 116 70 82 30
