2592 3508
833 222 638 90 Proſopopœa ad Aureliam.

637 339 103 146 F

737 350 904 79 ortunas laudare tuas iactantius aude

824 412 834 82 Aurelianenſis patria dulcis ager.

634 485 1086 85 Gentibus extre mis audita Aurelia dudum

766 555 977 85 Audita eſt ſuauibus terra beata meris.

637 637 1150 76 Hæc tibi cum multis communis gloria terris

772 701 1073 85 Non afer aut Græcus non tibi cedat Iber.

640 774 1246 82 At nunquam quiſquam ſic ſcribere verſibus olim

781 853 839 76 Inſtituit proprij ſingula vina ſoli.

646 917 1027 82 Ordine vt appoſito natalis climata terræ

786 999 1027 73 Promeret & laudes ingeniumque daret;

658 1067 1006 78 Vtque accurato cenſu cuiuſque notaret

792 1134 1039 82 Vina ſoli & quæ uis qualia quanta forent.

649 1201 1255 85 Hoc eſt quod præſtat tibi carmine ROVSEVS inter

778 1280 962 76 Hanc primus Ciues auſus inire viam.

649 1344 1006 88 Hoc eſt quò præſtas alijs Aurelia terris

784 1426 1225 82 Non vetus hanc laudem non nouus orbis habet.

655 1490 933 85 Fortunas extolle tuas iactantius ergo

786 1558 893 87 Aurelianenſis nobile terra folum.

766 1686 907 76 SVR L'HERCVLE GVESPIN

980 1748 485 84 de Simon Rouzeau.

667 1888 73 132 P

751 1876 571 82 Hiloſophes Naturaliſtes,

760 1935 632 93 Remplis de ſecrets curieux:

778 2025 664 68 Et vous terreſtres arboriſtes,

772 2078 749 91 Qui louez le Rozeau mouelleux.

667 2151 746 85 Ce n'eſt rien qu'vn eſfrenè lucre,

769 2224 708 102 Qui pour ce faire vous induit:
