2592 3508
605 116 623 85 Affin de trafiquer le ſucre,

602 192 688 88 Que ceſte plante vous produit.

514 266 782 81 Mais voyci bien vne autre plante,

602 330 799 90 Qui produit vn fruit plus nouueau:

593 403 758 85 La liqueur eſt bien plus coulante,

596 479 890 88 Qui ſort de ce mielleux ROVZEAV.

509 549 576 82 Lon admire ceſte pucelle,

596 619 644 88 Qui dans la romaine priſon,

590 692 749 82 Des traits laiteux, de ſa mamelle

590 762 662 97 Nourrißoit ſon pere Cimon.

509 833 740 84 SIMON auec ſa voix faconde,

596 909 764 84 Acquiert bien vn los plus diuin:

599 996 691 71 Car il abbreuue tout le monde,

590 1052 697 85 De ſa voix & de ſon bon vin.

506 1125 617 79 O douce liqueur melliflüe.

593 1213 808 73 Quand a traicts gloutons on te boit.

588 1265 655 106 Il faudroit le gozier de grüe,

593 1338 553 85 Que Philoxene deſiroit.

500 1400 746 90 L'hypocras des Roys, est louable,

590 1493 659 65 Et requis pour vn bon repas:

588 1546 699 82 Ce vin eſt bien plus delectables

588 1631 693 70 Car c’eſt le Roy des Hypocras.

503 1692 678 91 Ceſte liqueur toute autre choſe

579 1762 523 85 Surpaſſe en ſa diuinité

579 1835 702 82 Si l'on en veut ſçauoir la cauſe

576 1906 638 96 C'eſt qu’au vin eſt la verité

485 1979 702 90 Quiconque ne le voudra croire

579 2049 620 99 Affin qu’il en ait ſon eſbat?

582 2122 743 88 Qu’il prenne la Poeine d'en boire,

582 2207 825 93 Plein le verre du MARQVISAT.

1433 701 319 59 Valer. Max. lib.

1430 751 208 70 5. Cap. 4.
