2592 3508
494 70 556 61 De nagueres en la Vendange

494 114 614 87 A chanter en vers ſa louange:

494 181 600 76 Mais ie ſcay bien que la fureur

488 242 611 76 D'Apollon ta mis en humeur

491 315 693 65 Pour faire en l'une & l’autre rime

488 368 556 88 Paroiſtre le feu qui t’animé.

757 432 234 73 I.L.M.

795 555 360 76 QVATRAIN.

506 602 93 137 L

623 625 772 67 A liqueur de Bacchus a rendu autres fois

620 678 825 73 Scauant Anacreon,& ſa Muſe gentile.

497 736 828 79 Auiourd'huy le bon Vin du creu Orleanois

500 795 992 99 Rẽd de ROVZEAV la Muſe heureuſemẽt fertille.

942 950 193 70 Autre.

494 996 120 132 R

605 1011 878 79 ouſeau fait veoir combien ſa Muſe eſt excellẽte

631 1075 852 79 En deſcouurant a tous tant de ſortes de vins.

497 1131 921 79 Car de l'Autheur du monde ainſi il repreſente

503 1192 962 97 Le pouuoir merueilleux & ſes effects diuins,

1041 1265 178 76 E.R.

608 1397 778 70 QVATRAIN A L'HAVTEVR.

500 1447 90 125 R

605 1458 857 62 oſeau ſi d'un bel air tu as chante des Dieux

605 1508 661 79 La celeſte Boiſſon condui ta deſtinée

494 1569 1006 79 A traicter le pouuoir qu'ilZ ont en ces haults lieux

497 1645 801 76 Puiſque ta nature eſt aux Muſes inclinée.

792 1701 518 73 B.D. Sʳ. De Bel'air.

748 1803 486 88 A S. ROVZEAV,

491 1876 79 132 L

585 1865 807 84 'On dira mon RouZeau de cette douce Lire,

585 1932 792 82 Dont l'acord meſuré fredonne le bon vin,

491 1996 819 73 Que le diuin Phoebus te la miſe en la main

497 2066 962 97 Car ta Lire & ton vin l’Ame & l’orille attire.

944 2151 243 105 M. L. P.
